{"path_per_floor":["M","M","$","$","M","R","$","R","T","?","R","E","$","E","R","B",null,"M","M","?","$","?","E","R","T","T","R","M","M","R","M","R","B",null,"M"],"character_chosen":"THE_SILENT","items_purchased":["Poisoned Stab"],"gold_per_floor":[115,128,53,53,63,63,14,14,41,41,41,75,25,60,60,161,161,144,156,81,31,31,66,66,66,66,66,82,97,97,109,109,212,212,230],"floor_reached":36,"campfire_rested":3,"playtime":1786,"current_hp_per_floor":[58,55,55,55,55,55,55,55,55,55,55,51,51,38,59,2,53,31,29,29,29,29,4,40,40,40,70,62,62,62,60,60,39,62,56],"items_purged":["Strike_G","Strike_G","Strike_G"],"gold":230,"score":558,"play_id":"4008fcbb-8eea-46d0-82e1-913565e776f2","local_time":"20180312082145","is_prod":false,"is_daily":false,"is_ascension_mode":true,"campfire_upgraded":5,"timestamp":1520868105,"path_taken":["M","M","?","$","M","R","$","R","T","?","R","E","?","E","R","BOSS","M","M","?","$","?","E","R","?","T","R","M","M","R","M","R","BOSS","M","M"],"build_version":"2018-03-08-BETA","purchased_purges":3,"victory":false,"master_deck":["Defend_G+1","Defend_G","Defend_G","Defend_G","Defend_G","Strike_G+1","Survivor+1","Neutralize+1","Bouncing Flask+1","Acrobatics","Prepared+1","Poisoned Stab+1","After Image","Bane+1","Catalyst+1","Catalyst+1","Adrenaline","PiercingWail+1"],"max_hp_per_floor":[70,70,70,70,70,70,70,70,70,70,70,70,70,70,70,70,70,70,70,70,70,70,70,70,70,70,70,70,70,70,70,70,70,70,70],"relics":["The Specimen","Whetstone","Smiling Mask","Frozen Eye","Runic Dome","Regal Pillow","Frozen Egg 2","Happy Flower","Runic Pyramid"],"card_choices":[{"not_picked":["Endless Agony","Backflip"],"picked":"Bouncing Flask"},{"not_picked":["Deflect","Phantasmal Killer"],"picked":"Acrobatics"},{"not_picked":["Dagger Throw","Dagger Spray"],"picked":"Prepared"},{"not_picked":["Phantasmal Killer","Corpse Explosion"],"picked":"After Image"},{"not_picked":["Eviscerate","Acrobatics"],"picked":"Bane"},{"not_picked":["Bouncing Flask","Eviscerate"],"picked":"Catalyst"},{"not_picked":["Bane","Escape Plan"],"picked":"Catalyst"},{"not_picked":["Grand Finale","Die Die Die"],"picked":"Adrenaline"},{"not_picked":["Dagger Spray","Outmaneuver"],"picked":"PiercingWail"}],"player_experience":110250,"potions_floor_usage":[5,16,18,23],"damage_taken":[{"damage":5,"enemies":"Cultist","floor":1,"turns":5},{"damage":3,"enemies":"2 Louse","floor":2,"turns":4},{"damage":0,"enemies":"Small Slimes","floor":5,"turns":2},{"damage":4,"enemies":"Lagavulin","floor":12,"turns":6},{"damage":13,"enemies":"3 Sentries","floor":14,"turns":9},{"damage":72,"enemies":"Slime Boss","floor":16,"turns":14},{"damage":22,"enemies":"2 Thieves","floor":18,"turns":4},{"damage":2,"enemies":"Spheric Guardian","floor":19,"turns":3},{"damage":25,"enemies":"Book of Stabbing","floor":23,"turns":6},{"damage":8,"enemies":"Cultist and Chosen","floor":28,"turns":7},{"damage":0,"enemies":"Centurion and Healer","floor":29,"turns":4},{"damage":2,"enemies":"3 Cultists","floor":31,"turns":4},{"damage":21,"enemies":"Champ","floor":33,"turns":5},{"damage":6,"enemies":"Orb Walker","floor":35,"turns":2},{"damage":59,"enemies":"Flame Bruiser 1 Orb","floor":36,"turns":5}],"event_choices":[{"event_name":"Match and Keep!","player_choice":"0 cards matched","floor":10,"damage_taken":0},{"event_name":"Beggar","player_choice":"Gave Gold","floor":20,"damage_taken":0},{"event_name":"Vampires","player_choice":"Ignored","floor":22,"damage_taken":0}],"boss_relics":[{"not_picked":["Calling Bell","Philosopher\u0027s Stone"],"picked":"Runic Dome"},{"not_picked":["Astrolabe","Snecko Eye"],"picked":"Runic Pyramid"}],"potions_floor_spawned":[1,12,16,19,23,29],"seed_played":"-2725331823780079423","killed_by":"Flame Bruiser 1 Orb","ascension_level":7,"is_trial":false}