{"path_per_floor":["M","M","$","M","M","R","M","M","T","R","?","M","M","?","R","B",null,"M","$","M","M","$","R","M","M","T","?","R","M","$","M","R","B",null,"M","?","M","$","M","R","M","M","T","$","M","R","?","M","R","B"],"character_chosen":"THE_SILENT","items_purchased":["Bag of Marbles","Pen Nib","Regen Potion","Strength Potion","Happy Flower","Regen Potion","Ancient Potion"],"gold_per_floor":[119,134,59,69,87,87,101,121,421,421,496,513,531,531,531,636,636,656,269,279,295,70,70,85,101,101,101,101,121,121,136,136,235,235,251,251,263,17,33,33,43,59,108,108,118,118,78,96,96,96],"floor_reached":51,"campfire_rested":5,"playtime":3124,"current_hp_per_floor":[69,69,69,69,69,69,69,69,69,69,58,58,57,57,57,20,70,64,64,61,59,59,59,57,53,53,40,62,59,59,52,74,41,75,38,38,37,37,28,50,50,38,38,38,32,54,54,44,66,60],"items_purged":["Strike_G","Strike_G","Strike_G"],"gold":96,"score":624,"play_id":"9feb5c30-3c95-480d-82dc-8dcb1cd109ca","local_time":"20180321212645","is_prod":false,"is_daily":false,"is_ascension_mode":false,"campfire_upgraded":4,"timestamp":1521692805,"path_taken":["M","M","$","?","M","R","M","M","T","R","?","M","M","?","R","BOSS","M","$","M","M","$","R","M","M","T","?","R","M","$","?","R","BOSS","M","?","M","$","M","R","M","M","T","$","?","R","?","M","R","BOSS"],"build_version":"2018-03-20","purchased_purges":3,"victory":true,"master_deck":["Defend_G","Defend_G","Defend_G","Survivor","Neutralize+1","Footwork+1","Calculated Gamble+1","Quick Slash","Blur","Well Laid Plans","Quick Slash","Unload","Predator+1","Quick Slash","Terror","All Out Attack+1","Adrenaline","Masterful Stab+1","Leg Sweep+1","Dash+1","Dagger Spray+1","Footwork+1","Outmaneuver+1","Malaise+1"],"max_hp_per_floor":[70,70,70,70,70,70,70,70,70,70,70,70,70,70,70,70,70,70,70,70,70,70,70,70,70,70,75,75,75,75,75,75,75,75,75,75,75,75,75,75,75,75,75,75,75,75,75,75,75,75],"relics":["Velvet Choker","Old Coin","Orrery","Bag of Marbles","Pen Nib","Calipers","Astrolabe","Happy Flower","Dream Catcher"],"card_choices":[{"not_picked":["Flechettes","Bane"],"picked":"Footwork","floor":1},{"not_picked":["Setup","Acrobatics"],"picked":"Calculated Gamble","floor":2},{"not_picked":["Escape Plan","Dodge and Roll"],"picked":"Quick Slash","floor":4},{"not_picked":["Distraction","Outmaneuver"],"picked":"Blur","floor":5},{"not_picked":["Escape Plan","Blade Dance"],"picked":"Well Laid Plans","floor":7},{"not_picked":["Infinite Blades","Accuracy"],"picked":"Quick Slash","floor":8},{"not_picked":["Glass Knife","Tactician"],"picked":"Unload","floor":16},{"not_picked":["Masterful Stab","Dagger Throw"],"picked":"Predator","floor":17},{"not_picked":["Underhanded Strike","Backflip"],"picked":"Quick Slash","floor":17},{"not_picked":["Deflect","Caltrops"],"picked":"Terror","floor":25},{"not_picked":["Footwork","Slice"],"picked":"All Out Attack","floor":29},{"not_picked":["Outmaneuver","Footwork"],"picked":"Adrenaline","floor":31},{"not_picked":["Slice","Crippling Poison"],"picked":"Dagger Spray","floor":35},{"not_picked":["Deflect","Predator"],"picked":"Footwork","floor":37},{"not_picked":["Distraction","Accuracy"],"picked":"Outmaneuver","floor":39},{"not_picked":["Flechettes","Acrobatics"],"picked":"Malaise","floor":49}],"player_experience":167739,"potions_floor_usage":[5,16,16,20,21,24,25,29,33,33,39,45,50],"damage_taken":[{"damage":1,"enemies":"Cultist","floor":1,"turns":4},{"damage":0,"enemies":"Small Slimes","floor":2,"turns":4},{"damage":0,"enemies":"Jaw Worm","floor":4,"turns":6},{"damage":0,"enemies":"Large Slime","floor":5,"turns":7},{"damage":0,"enemies":"Blue Slaver","floor":7,"turns":5},{"damage":0,"enemies":"Exordium Thugs","floor":8,"turns":7},{"damage":0,"enemies":"2 Fungi Beasts","floor":12,"turns":4},{"damage":1,"enemies":"Blue Slaver","floor":13,"turns":4},{"damage":37,"enemies":"Hexaghost","floor":16,"turns":19},{"damage":6,"enemies":"Spheric Guardian","floor":18,"turns":4},{"damage":3,"enemies":"Shell Parasite","floor":20,"turns":4},{"damage":2,"enemies":"Cultist and Chosen","floor":21,"turns":6},{"damage":17,"enemies":"Centurion and Healer","floor":24,"turns":7},{"damage":10,"enemies":"Sentry and Sphere","floor":25,"turns":5},{"damage":9,"enemies":"Chosen and Byrds","floor":29,"turns":6},{"damage":7,"enemies":"Centurion and Healer","floor":31,"turns":6},{"damage":33,"enemies":"Collector","floor":33,"turns":9},{"damage":37,"enemies":"3 Shapes","floor":35,"turns":4},{"damage":1,"enemies":"3 Darklings","floor":37,"turns":5},{"damage":9,"enemies":"Sphere and 2 Shapes","floor":39,"turns":4},{"damage":0,"enemies":"Maw","floor":41,"turns":8},{"damage":12,"enemies":"Flame Bruiser 2 Orb","floor":42,"turns":5},{"damage":15,"enemies":"Spire Growth","floor":45,"turns":5},{"damage":10,"enemies":"3 Darklings","floor":48,"turns":5},{"damage":6,"enemies":"Time Eater","floor":50,"turns":19}],"event_choices":[{"event_name":"World of Goop","player_choice":"Gather Gold","floor":11,"damage_taken":0},{"event_name":"Purifier","player_choice":"One Purge","floor":14,"damage_taken":0},{"event_name":"Forgotten Altar","player_choice":"Shed Blood","floor":27,"damage_taken":0},{"event_name":"Mysterious Sphere","player_choice":"Ignore","floor":36,"damage_taken":0},{"event_name":"The Woman in Blue","player_choice":"Bought 3 Potions","floor":47,"damage_taken":0}],"boss_relics":[{"not_picked":["Cursed Key","Philosopher\u0027s Stone"],"picked":"Orrery"},{"not_picked":["Pandora\u0027s Box","Snecko Eye"],"picked":"Astrolabe"}],"potions_floor_spawned":[1,2,7,8,13,16,24,25,31,35,41,42,45],"seed_played":"-1716064239073506841","ascension_level":0,"is_trial":false}