{"path_per_floor":["M","M","$","M","?","E","M","M","T","R","?","?","M","M","R","B",null,"M","M","$","M","?","R","E","R","T","?","R","M","$","M","R","B",null,"M","?","B"],"character_chosen":"THE_SILENT","items_purchased":["Backflip","Shuriken","Well Laid Plans","Choke"],"gold_per_floor":[116,129,32,45,45,79,94,105,131,131,96,158,176,195,195,299,299,318,333,15,31,31,31,64,64,94,94,94,106,26,42,42,142,172,187,187,187],"floor_reached":38,"campfire_rested":1,"playtime":3171,"current_hp_per_floor":[70,70,70,70,56,59,58,58,58,58,77,76,76,71,71,59,77,68,67,67,66,66,66,53,53,53,58,58,49,49,47,70,69,82,82,82,42],"items_purged":["Expertise"],"gold":187,"score":571,"play_id":"dfd50d3b-06bd-4f65-9e1d-a3ca335e8ff0","local_time":"20180328003706","is_prod":false,"is_daily":false,"is_ascension_mode":false,"campfire_upgraded":5,"timestamp":1522222626,"path_taken":["M","M","$","M","?","E","M","?","T","R","?","?","M","M","R","BOSS","M","M","$","M","?","R","E","R","T","?","R","M","?","?","R","BOSS","M","?","BOSS"],"build_version":"2018-03-25","purchased_purges":2,"victory":true,"master_deck":["Survivor","Neutralize","Prepared","Underhanded Strike+1","Malaise+1","Outmaneuver+1","Expertise","Dodge and Roll+1","Leg Sweep","Quick Slash","Predator+1","All Out Attack+1","Backflip","Bullet Time+1","Underhanded Strike","Prepared","Predator","Well Laid Plans","Choke","Malaise","After Image","Tactician+1","Backflip+1"],"max_hp_per_floor":[70,70,70,70,70,77,77,77,77,77,77,77,77,77,77,77,77,77,77,77,77,77,77,77,77,77,77,77,77,77,77,77,77,82,82,82,82],"relics":["Pandora\u0027s Box","Strawberry","Oddly Smooth Stone","Calipers","Snecko Eye","Shuriken","Dream Catcher","Tiny Chest","Tiny House"],"card_choices":[{"not_picked":["Choke","Backflip"],"picked":"Predator","floor":1},{"not_picked":["Deflect","Dodge and Roll"],"picked":"All Out Attack","floor":2},{"not_picked":["Bane","Dagger Throw"],"picked":"Bullet Time","floor":12},{"not_picked":["Flying Knee","Quick Slash"],"picked":"Underhanded Strike","floor":13},{"not_picked":["Skewer","Deflect"],"picked":"Prepared","floor":14},{"not_picked":["Deflect","Flechettes"],"picked":"Predator","floor":19},{"not_picked":["Flying Knee","Predator"],"picked":"Malaise","floor":31},{"not_picked":["Sucker Punch","Dagger Spray"],"picked":"After Image","floor":32},{"not_picked":["Venomology","Storm of Steel"],"picked":"Tactician","floor":33},{"not_picked":["Setup","Flying Knee"],"picked":"Backflip","floor":34}],"player_experience":180804,"potions_floor_usage":[8,16,24,37,37,37],"damage_taken":[{"damage":0,"enemies":"Jaw Worm","floor":1,"turns":7},{"damage":0,"enemies":"Cultist","floor":2,"turns":4},{"damage":0,"enemies":"Small Slimes","floor":4,"turns":3},{"damage":4,"enemies":"Lagavulin","floor":6,"turns":7},{"damage":1,"enemies":"3 Louse","floor":7,"turns":4},{"damage":0,"enemies":"Red Slaver","floor":8,"turns":2},{"damage":1,"enemies":"3 Sentries","floor":12,"turns":5},{"damage":0,"enemies":"Looter","floor":13,"turns":4},{"damage":5,"enemies":"Large Slime","floor":14,"turns":7},{"damage":12,"enemies":"Hexaghost","floor":16,"turns":13},{"damage":9,"enemies":"2 Thieves","floor":18,"turns":4},{"damage":1,"enemies":"Spheric Guardian","floor":19,"turns":4},{"damage":1,"enemies":"Cultist and Chosen","floor":21,"turns":5},{"damage":13,"enemies":"Gremlin Leader","floor":24,"turns":6},{"damage":9,"enemies":"Slaver and Parasite","floor":29,"turns":5},{"damage":2,"enemies":"3 Cultists","floor":31,"turns":3},{"damage":1,"enemies":"Automaton","floor":33,"turns":9},{"damage":0,"enemies":"Flame Bruiser 1 Orb","floor":35,"turns":5},{"damage":40,"enemies":"Awakened One","floor":37,"turns":16}],"event_choices":[{"event_name":"Shining Light","player_choice":"Entered Light","floor":5,"damage_taken":0},{"event_name":"The Cleric","player_choice":"Healed","floor":11,"damage_taken":0},{"event_name":"Dead Adventurer","player_choice":"Searched \u00272\u0027 times","floor":12,"damage_taken":0},{"event_name":"Drug Dealer","player_choice":"Ignored","floor":22,"damage_taken":0},{"event_name":"Bonfire Elementals","player_choice":"COMMON","floor":27,"damage_taken":0},{"event_name":"SecretPortal","player_choice":"Took Portal.","floor":36,"damage_taken":0}],"boss_relics":[{"not_picked":["Philosopher\u0027s Stone","Lizard Tail"],"picked":"Snecko Eye"},{"not_picked":["Cursed Key","White Beast Statue"],"picked":"Tiny House"}],"potions_floor_spawned":[2,6,8,12,13,16,18,19,31,33,35],"seed_played":"-2174967159656679330","ascension_level":0,"is_trial":false}