{"path_per_floor":["M","?","?","M","M","R","?","R","T","M","M","$","?","M","R"],"is_cheater":false,"character_chosen":"IRONCLAD","items_purchased":[],"gold_per_floor":[117,117,117,129,140,140,90,90,120,133,152,77,100,118,118],"floor_reached":16,"campfire_rested":0,"playtime":1219,"current_hp_per_floor":[76,76,81,82,82,82,82,82,82,70,76,76,88,79,79],"items_purged":["Strike_R"],"gold":118,"play_id":"11aa053d-7af7-44a9-bd6e-8de50134f468","is_prod":false,"is_daily":false,"campfire_rituals":0,"campfire_upgraded":3,"potions_floor_combined":[],"is_hardmode":false,"path_taken":["M","?","?","M","M","R","?","R","T","M","M","$","?","?","R","BOSS"],"build_version":"[EARLY_ACCESS_006] (11-30-2017)","purchased_purges":1,"victory":false,"master_deck":["Strike_R","Strike_R","Strike_R","Defend_R","Defend_R","Defend_R","Defend_R","Bash","Heavy Blade","Flex","Iron Wave","Clash","Feed","Sword Boomerang","Anger"],"max_hp_per_floor":[80,80,85,85,85,85,85,85,85,85,85,85,88,91,91],"relics":["Burning Blood","Tiny Chest","Odd Mushroom"],"campfire_meditates":0,"card_choices":[{"not_picked":["Fire Breathing","Inflame"],"picked":"Heavy Blade"},{"not_picked":["Headbutt","Sword Boomerang"],"picked":"Flex"},{"not_picked":["Shrug It Off","Sword Boomerang"],"picked":"Iron Wave"},{"not_picked":["Warcry","Flex"],"picked":"Clash"},{"not_picked":["Anger","Disarm"],"picked":"Feed"},{"not_picked":["Perfected Strike","Dual Wield"],"picked":"Sword Boomerang"},{"not_picked":["Intimidate","Perfected Strike"],"picked":"Anger"}],"player_experience":74295,"potions_floor_usage":[13,13,16],"damage_taken":[{"damage":10,"enemies":"Looter","floor":1,"turns":4},{"damage":5,"enemies":"JawWorm","floor":4,"turns":5},{"damage":6,"enemies":"Cultist","floor":5,"turns":3},{"damage":18,"enemies":"Exordium Thugs","floor":10,"turns":6},{"damage":0,"enemies":"Exordium Wildlife","floor":11,"turns":3},{"damage":0,"enemies":"The Mushroom Lair","floor":13,"turns":3},{"damage":18,"enemies":"Slime","floor":14,"turns":5},{"damage":75,"enemies":"Hexaghost","floor":16,"turns":11}],"event_choices":[{"event_name":"Transmorgrifier","player_choice":"Transform","floor":2,"damage_taken":0},{"event_name":"Big Fish","player_choice":"Donut","floor":3,"damage_taken":0},{"event_name":"The Cleric","player_choice":"Card Removal","floor":7,"damage_taken":0},{"event_name":"Mushrooms","player_choice":"Fought Mushrooms","floor":13,"damage_taken":0}],"boss_relics":[],"potions_floor_spawned":[1,10,11],"seed_played":"8465786413579151610","killed_by":"Hexaghost","is_trial":false}