{"path_per_floor":["M","?","M","?","M","R","$","R","T","M","M","M","M","M","R","B",null,"M"],"character_chosen":"IRONCLAD","items_purchased":["Iron Wave"],"gold_per_floor":[119,119,134,134,147,147,20,20,20,39,53,76,100,119,119,248,248,261],"floor_reached":19,"campfire_rested":2,"playtime":1351,"current_hp_per_floor":[80,64,64,64,67,80,80,80,80,80,80,80,58,64,80,50,80,58],"items_purged":["Strike_R"],"gold":261,"play_id":"e6bdc395-815a-4011-bf7a-9f064ab05e71","is_prod":false,"is_daily":false,"campfire_rituals":0,"campfire_upgraded":1,"is_hardmode":false,"path_taken":["M","?","?","?","M","R","$","R","T","M","M","M","?","M","R","BOSS","M","?"],"build_version":"2017-12-21-PROD1","purchased_purges":1,"victory":false,"master_deck":["Strike_R","Strike_R","Strike_R","Defend_R","Defend_R","Defend_R","Defend_R","Bash","Rampage","Whirlwind","Rage","Headbutt","Iron Wave","Armaments","Body Slam","Infernal Blade","Impervious","Barricade"],"max_hp_per_floor":[80,80,80,80,80,80,80,80,80,80,80,80,80,80,80,80,80,80],"relics":["Burning Blood","Bag of Marbles","Golden Idol","Bird Faced Urn","Eternal Feather"],"campfire_meditates":0,"card_choices":[{"not_picked":["Cleave","Wild Strike"],"picked":"Rampage"},{"not_picked":["Warcry","Clothesline"],"picked":"Whirlwind"},{"not_picked":["True Grit","Exhume"],"picked":"Headbutt"},{"not_picked":["Havoc","Clash"],"picked":"Armaments"},{"not_picked":["Burning Pact","Perfected Strike"],"picked":"Body Slam"},{"not_picked":["Havoc","Evolve"],"picked":"Infernal Blade"},{"not_picked":["Second Wind","Evolve"],"picked":"Impervious"},{"not_picked":["Limit Break","Immolate"],"picked":"Barricade"}],"player_experience":247016,"potions_floor_usage":[13,13,14],"damage_taken":[{"damage":5,"enemies":"Looter","floor":1,"turns":4},{"damage":6,"enemies":"Blue Slaver","floor":3,"turns":4},{"damage":3,"enemies":"Jaw Worm","floor":5,"turns":3},{"damage":4,"enemies":"Red Slaver","floor":10,"turns":5},{"damage":6,"enemies":"2 Fungi Beasts","floor":11,"turns":2},{"damage":0,"enemies":"Lots of Slimes","floor":12,"turns":1},{"damage":31,"enemies":"Gremlin Gang","floor":13,"turns":4},{"damage":0,"enemies":"3 Louse","floor":14,"turns":2},{"damage":36,"enemies":"Slime Boss","floor":16,"turns":11},{"damage":28,"enemies":"3 Byrds","floor":18,"turns":8},{"damage":0,"enemies":"2 Thieves","floor":19,"turns":1}],"event_choices":[{"event_name":"Golden Idol","player_choice":"Take Damage","floor":2,"damage_taken":0},{"event_name":"Transmorgrifier","player_choice":"Transform","floor":4,"damage_taken":0}],"boss_relics":[{"not_picked":["Pandora\u0027s Box","Velvet Choker"],"picked":"Eternal Feather"}],"potions_floor_spawned":[10,12,13],"seed_played":"-7268171389827620359","killed_by":"2 Thieves","is_trial":false}