{"path_per_floor":["M","$","?","M","?","R","M","M","T","M","M","R","M","E","R","B",null,"M","M"],"character_chosen":"IRONCLAD","items_purchased":["Flex","Shrug It Off","Cleave"],"gold_per_floor":[216,92,92,108,108,108,127,139,139,159,179,179,193,224,224,326,326,345,356],"floor_reached":20,"campfire_rested":2,"playtime":1579,"current_hp_per_floor":[80,80,80,80,80,80,80,77,77,71,66,80,78,53,77,78,80,63,73],"items_purged":[],"gold":356,"play_id":"20fb9e1c-0213-4280-affb-6be2e635a08c","is_prod":false,"is_daily":false,"campfire_rituals":0,"campfire_upgraded":1,"is_hardmode":false,"path_taken":["M","$","?","M","?","R","?","M","T","M","M","R","M","E","R","BOSS","M","M","M"],"build_version":"2017-12-21-PROD1","purchased_purges":0,"victory":false,"master_deck":["Strike_R","Strike_R","Strike_R","Strike_R","Strike_R","Defend_R","Defend_R","Defend_R","Defend_R","Bash","Heavy Blade","Flex","Shrug It Off","Cleave","Pommel Strike","Clothesline","Fire Breathing","Seeing Red","Spot Weakness","Reaper","Juggernaut","Flame Barrier"],"max_hp_per_floor":[80,80,80,80,80,80,80,80,80,80,80,80,80,80,80,80,80,80,80],"relics":["Burning Blood","Unceasing Top","Anchor"],"campfire_meditates":0,"card_choices":[{"not_picked":["Perfected Strike","Havoc"],"picked":"Heavy Blade"},{"not_picked":["Pummel","Feel No Pain"],"picked":"Clothesline"},{"not_picked":["Headbutt","Bloodletting"],"picked":"Fire Breathing"},{"not_picked":["Clash","Havoc"],"picked":"Seeing Red"},{"not_picked":["Dropkick","Headbutt"],"picked":"Spot Weakness"},{"not_picked":["Heavy Blade","Perfected Strike"],"picked":"Reaper"},{"not_picked":["Offering","Immolate"],"picked":"Juggernaut"},{"not_picked":["Flex","Clothesline"],"picked":"Flame Barrier"}],"player_experience":238526,"potions_floor_usage":[16,16,20],"damage_taken":[{"damage":1,"enemies":"Cultist","floor":1,"turns":4},{"damage":6,"enemies":"Blue Slaver","floor":4,"turns":3},{"damage":1,"enemies":"Jaw Worm","floor":7,"turns":3},{"damage":9,"enemies":"3 Louse","floor":8,"turns":3},{"damage":12,"enemies":"Exordium Thugs","floor":10,"turns":4},{"damage":11,"enemies":"Lots of Slimes","floor":11,"turns":4},{"damage":8,"enemies":"2 Fungi Beasts","floor":13,"turns":3},{"damage":31,"enemies":"Lagavulin","floor":14,"turns":6},{"damage":15,"enemies":"Slime Boss","floor":16,"turns":7},{"damage":24,"enemies":"Shell Parasite","floor":18,"turns":7},{"damage":2,"enemies":"3 Byrds","floor":19,"turns":2},{"damage":56,"enemies":"Slaver and Parasite","floor":20,"turns":9}],"event_choices":[{"event_name":"Match and Keep!","player_choice":"1 cards matched","floor":3,"damage_taken":0},{"event_name":"Shining Light","player_choice":"Ignored","floor":5,"damage_taken":0}],"boss_relics":[{"not_picked":["Snecko Eye","Calling Bell","Runic Cube"]}],"potions_floor_spawned":[8,11,14,19],"seed_played":"-3850439176515291566","killed_by":"Slaver and Parasite","is_trial":false}