{"path_per_floor":["M","M","M","M","M","R","$","M","T","R","E","M","R","?","R","B",null,"M","?","M","?","M","R","E","R","T","$","?","M","R","M","R","B",null,"M","$","?","?","M","R","M","M","T","T","M","?","R","T","R","B"],"character_chosen":"IRONCLAD","items_purchased":["Metallicize","Mind Blast"],"gold_per_floor":[114,129,148,167,178,178,25,41,41,41,75,95,95,95,95,198,198,209,134,146,146,159,159,190,190,244,56,56,67,67,79,79,180,180,199,74,74,74,84,84,104,114,114,114,128,228,228,254,254,254],"floor_reached":51,"campfire_rested":7,"playtime":3799,"current_hp_per_floor":[80,80,80,78,72,72,72,75,75,75,54,62,80,80,80,20,80,77,77,77,77,47,71,43,67,67,67,67,56,56,49,73,45,83,71,71,71,61,62,86,86,65,65,65,51,51,77,77,89,58],"items_purged":["Strike_R","Defend_R","Writhe"],"gold":254,"play_id":"86bb44b6-9ab9-4d5b-b604-64a02126ef91","is_prod":false,"is_daily":false,"campfire_rituals":0,"campfire_upgraded":4,"is_hardmode":false,"path_taken":["M","M","M","?","M","R","$","M","T","R","E","M","R","?","R","BOSS","M","?","?","?","?","R","E","R","T","$","?","?","R","M","R","BOSS","M","$","?","?","?","R","M","M","T","?","?","?","R","?","R","BOSS"],"build_version":"2017-12-21-PROD1","purchased_purges":3,"victory":true,"master_deck":["Strike_R","Defend_R","Defend_R","Defend_R","Bash","Flex","Shockwave","Heavy Blade","Thunderclap","Pummel","Metallicize","Armaments","Limit Break","Whirlwind","Pummel","Feed","Shrug It Off","Infernal Blade","Flex","Flame Barrier","Spot Weakness","Mind Blast","Flame Barrier","Iron Wave","Demon Form","Iron Wave","Whirlwind","Power Through","Madness","Madness","Power Through","Ghostly Armor","Seeing Red","Inflame"],"max_hp_per_floor":[80,80,80,80,80,80,80,80,80,80,80,80,80,80,80,80,80,83,83,83,83,83,83,83,83,83,83,83,83,83,83,83,83,83,83,83,83,83,86,86,86,89,89,89,89,89,89,89,89,89],"relics":["Burning Blood","Bag of Marbles","Blood Vial","Bottled Flame","Sozu","Prayer Wheel","Pen Nib","Tiny Chest","Orrery","Art of War","Gambling Chip","War Paint"],"campfire_meditates":0,"card_choices":[{"not_picked":["Ghostly Armor","Burning Pact"],"picked":"Flex"},{"not_picked":["Headbutt","Anger"],"picked":"Shockwave"},{"not_picked":["Wild Strike","Impervious"],"picked":"Heavy Blade"},{"not_picked":["Dual Wield","Clothesline"],"picked":"Thunderclap"},{"not_picked":["Warcry","Dual Wield"],"picked":"Pummel"},{"not_picked":["Sword Boomerang","Uppercut"],"picked":"Armaments"},{"not_picked":["Infernal Blade","Armaments"],"picked":"Limit Break"},{"not_picked":["Twin Strike","Havoc"],"picked":"Whirlwind"},{"not_picked":["Dark Embrace","Barricade"],"picked":"Feed"},{"not_picked":["Pummel","Heavy Blade"],"picked":"Shrug It Off"},{"not_picked":["Rupture","Clothesline"],"picked":"Infernal Blade"},{"not_picked":["Havoc","Combust"],"picked":"Flex"},{"not_picked":["Clothesline","Ghostly Armor"],"picked":"Flame Barrier"},{"not_picked":["Feel No Pain","Uppercut"],"picked":"Spot Weakness"},{"not_picked":["Twin Strike","Dual Wield"],"picked":"Flame Barrier"},{"not_picked":["Seeing Red","Rupture"],"picked":"Iron Wave"},{"not_picked":["Brutality","Limit Break"],"picked":"Demon Form"},{"not_picked":["Clothesline","Reckless Charge"],"picked":"Iron Wave"},{"not_picked":["Perfected Strike","Thunderclap"],"picked":"Whirlwind"},{"not_picked":["True Grit","Second Wind"],"picked":"Power Through"},{"not_picked":["Flex","Pommel Strike"],"picked":"Power Through"},{"not_picked":["Flex","True Grit"],"picked":"Ghostly Armor"},{"not_picked":["Headbutt","Cleave"],"picked":"Seeing Red"},{"not_picked":["Pommel Strike","Cleave"],"picked":"Inflame"}],"player_experience":337726,"potions_floor_usage":[],"damage_taken":[{"damage":6.0,"enemies":"Blue Slaver","floor":1.0,"turns":4.0},{"damage":1.0,"enemies":"Jaw Worm","floor":2.0,"turns":3.0},{"damage":5.0,"enemies":"Looter","floor":3.0,"turns":3.0},{"damage":8.0,"enemies":"Lots of Slimes","floor":4.0,"turns":3.0},{"damage":12.0,"enemies":"2 Fungi Beasts","floor":5.0,"turns":5.0},{"damage":3.0,"enemies":"Exordium Wildlife","floor":8.0,"turns":5.0},{"damage":29.0,"enemies":"Lagavulin","floor":11.0,"turns":6.0},{"damage":0.0,"enemies":"Gremlin Gang","floor":12.0,"turns":4.0},{"damage":66.0,"enemies":"Hexaghost","floor":16.0,"turns":13.0},{"damage":12.0,"enemies":"Shell Parasite","floor":18.0,"turns":4.0},{"damage":8.0,"enemies":"Chosen","floor":20.0,"turns":4.0},{"damage":38.0,"enemies":"Slaver and Parasite","floor":22.0,"turns":6.0},{"damage":36.0,"enemies":"Gremlin Leader","floor":24.0,"turns":7.0},{"damage":19.0,"enemies":"Centurion and Healer","floor":29.0,"turns":6.0},{"damage":15.0,"enemies":"Snake Plant","floor":31.0,"turns":3.0},{"damage":36.0,"enemies":"Collector","floor":33.0,"turns":9.0},{"damage":18.0,"enemies":"3 Darklings","floor":35.0,"turns":6.0},{"damage":10,"enemies":"3 Shapes","floor":39,"turns":3},{"damage":6,"enemies":"Maw","floor":41,"turns":7},{"damage":30,"enemies":"4 Shapes","floor":42,"turns":3},{"damage":22,"enemies":"Sphere and 2 Shapes","floor":45,"turns":4},{"damage":37,"enemies":"Awakened One","floor":50,"turns":10}],"event_choices":[{"event_name":"Transmorgrifier","player_choice":"Transform","floor":14.0,"damage_taken":0.0},{"event_name":"Beggar","player_choice":"Gave Gold","floor":19.0,"damage_taken":0.0},{"event_name":"The Mausoleum","player_choice":"Yes","floor":21.0,"damage_taken":0.0},{"event_name":"Addict","player_choice":"Ignored","floor":28.0,"damage_taken":0.0},{"event_name":"Purifier","player_choice":"One Purge","floor":37,"damage_taken":0},{"event_name":"Winding Halls","player_choice":"Embrace Madness","floor":38,"damage_taken":0},{"event_name":"Golden Shrine","player_choice":"Pray","floor":46,"damage_taken":0}],"boss_relics":[],"potions_floor_spawned":[1,3,11,16,20,24,29,39,41,42],"seed_played":"4977719090533865626","is_trial":false}