{"path_per_floor":["M","M","?","?","M","R","M","E","T","$","M","?","R","M","R","B",null,"M","M","M","?","?","E","M","M","T","R","$","R","M","M","R","B",null,"M","?","?","?","T","R","M","M","T","M","R","?","M","$","R","B"],"character_chosen":"IRONCLAD","items_purchased":["Metallicize","Finesse","Strength Potion","Strength Potion","Strawberry"],"gold_per_floor":[11,22,122,122,139,139,157,187,241,33,50,18,18,38,38,138,138,149,165,182,107,107,134,147,159,238,238,138,138,151,161,161,264,294,306,356,356,356,382,382,395,405,405,420,420,420,433,68,68,68],"floor_reached":51,"campfire_rested":4,"playtime":4127,"current_hp_per_floor":[80,70,70,75,81,81,83,63,63,63,66,66,66,74,74,24,87,85,84,76,76,76,54,68,63,63,63,63,63,59,69,97,33,102,92,23,23,23,23,54,40,36,36,28,61,61,56,63,98,73],"items_purged":["Strike_R","Strike_R","Defend_R"],"gold":68,"play_id":"8e49bcc2-3864-4b12-91fd-4b38d1145087","is_prod":false,"is_daily":false,"is_ascension_mode":false,"campfire_upgraded":5,"path_taken":["M","M","?","?","M","R","?","E","T","$","M","?","R","M","R","BOSS","M","M","M","?","?","E","M","?","T","R","$","R","M","M","R","BOSS","M","?","?","?","?","R","M","M","T","M","R","?","M","$","R","BOSS"],"build_version":"2018-01-25-PROD3","purchased_purges":5,"victory":true,"master_deck":["Strike_R","Defend_R","Bash","Flex+1","Metallicize+1","Heavy Blade","Metallicize+1","Finesse","Sword Boomerang+1","Reaper","Dropkick+1","Twin Strike","Limit Break","Heavy Blade","Spot Weakness","Clash"],"max_hp_per_floor":[80,80,80,85,85,85,85,85,85,85,85,85,85,87,87,87,87,89,89,89,89,89,89,91,93,93,93,93,93,95,97,97,97,102,104,106,106,106,106,106,108,108,108,110,110,110,110,117,117,117],"relics":["Burning Blood","Lantern","Singing Bowl","Velvet Choker","Vajra","Bottled Flame","Tiny House","Ginger","Juzu Bracelet","Thread and Needle","Strawberry"],"card_choices":[{"not_picked":["Shrug It Off","Perfected Strike"],"picked":"Flex"},{"not_picked":["Shrug It Off","Seeing Red"],"picked":"Metallicize"},{"not_picked":["Fire Breathing","Bloodletting"],"picked":"Heavy Blade"},{"not_picked":["Bludgeon","Cleave"],"picked":"Infernal Blade"},{"not_picked":["Warcry","Headbutt"],"picked":"Sword Boomerang"},{"not_picked":["Immolate","Feed"],"picked":"Reaper"},{"not_picked":["Pommel Strike","Sword Boomerang"],"picked":"Dropkick"},{"not_picked":["Iron Wave","Reckless Charge"],"picked":"Twin Strike"},{"not_picked":["Iron Wave","Combust"],"picked":"Sword Boomerang"},{"not_picked":["Reaper","Juggernaut"],"picked":"Limit Break"},{"not_picked":["Bloodletting","Perfected Strike"],"picked":"Heavy Blade"},{"not_picked":["Rage","Blood for Blood"],"picked":"Spot Weakness"},{"not_picked":["Twin Strike","Berserk"],"picked":"Clash"}],"player_experience":601909,"potions_floor_usage":[7,8,14,16,20,33,35,36,42,44,50,50,50],"damage_taken":[{"damage":5,"enemies":"Jaw Worm","floor":1,"turns":5},{"damage":16,"enemies":"Blue Slaver","floor":2,"turns":4},{"damage":0,"enemies":"Cultist","floor":5,"turns":3},{"damage":4,"enemies":"Looter","floor":7,"turns":3},{"damage":26,"enemies":"3 Sentries","floor":8,"turns":5},{"damage":3,"enemies":"2 Fungi Beasts","floor":11,"turns":3},{"damage":0,"enemies":"Exordium Thugs","floor":14,"turns":2},{"damage":56,"enemies":"Hexaghost","floor":16,"turns":12},{"damage":10,"enemies":"Spheric Guardian","floor":18,"turns":4},{"damage":17,"enemies":"2 Thieves","floor":19,"turns":3},{"damage":14,"enemies":"3 Cultists","floor":20,"turns":5},{"damage":40,"enemies":"Gremlin Leader","floor":23,"turns":6},{"damage":4,"enemies":"Centurion and Healer","floor":24,"turns":4},{"damage":13,"enemies":"Snake Plant","floor":25,"turns":3},{"damage":28,"enemies":"Slaver and Parasite","floor":30,"turns":5},{"damage":8,"enemies":"3 Cultists","floor":31,"turns":4},{"damage":77,"enemies":"Champ","floor":33,"turns":9},{"damage":18,"enemies":"3 Darklings","floor":35,"turns":3},{"damage":87,"enemies":"Mysterious Sphere","floor":36,"turns":7},{"damage":31,"enemies":"3 Shapes","floor":41,"turns":4},{"damage":19,"enemies":"Sphere and 2 Shapes","floor":42,"turns":6},{"damage":16,"enemies":"Maw","floor":44,"turns":6},{"damage":35,"enemies":"3 Darklings","floor":47,"turns":5},{"damage":54,"enemies":"Time Eater","floor":50,"turns":6}],"event_choices":[{"event_name":"Golden Shrine","player_choice":"Pray","floor":3,"damage_taken":0},{"event_name":"Big Fish","player_choice":"Donut","floor":4,"damage_taken":0},{"event_name":"World of Goop","player_choice":"Left","floor":12,"damage_taken":0},{"event_name":"Beggar","player_choice":"Gave Gold","floor":21,"damage_taken":0},{"event_name":"Purifier","player_choice":"One Purge","floor":22,"damage_taken":0},{"event_name":"Mysterious Sphere","player_choice":"Fight","floor":36,"damage_taken":0},{"event_name":"Wheel of Change","player_choice":"Card Removal","floor":38,"damage_taken":0},{"event_name":"Tomb of Lord Red Mask","player_choice":"Ignored","floor":46,"damage_taken":0}],"boss_relics":[{"not_picked":["Question Card","Runic Dome"],"picked":"Velvet Choker"},{"not_picked":["Cursed Key","Mark of Pain"],"picked":"Tiny House"}],"potions_floor_spawned":[2,5,8,14,19,31,33,36,42,47],"seed_played":"7021702910217434762","ascension_level":0,"is_trial":false}