{"path_per_floor":["M","M","M","$","?","?","E","R","T","M","M","$","M","M","R","B",null,"M","?","?","M","M","R","?","R","T","$","?","M","R","E","R"],"character_chosen":"IRONCLAD","items_purchased":["Disarm","Sword Boomerang","Shrug It Off","Metallicize"],"gold_per_floor":[111,126,137,58,133,133,159,159,234,252,266,168,184,198,198,300,300,313,313,313,326,346,346,346,346,346,125,125,138,138,473,473],"floor_reached":33,"campfire_rested":3,"playtime":2404,"current_hp_per_floor":[86,86,86,86,75,75,67,67,67,65,57,57,56,59,84,52,86,76,76,76,58,63,63,63,63,63,63,63,55,80,55,80],"items_purged":["Bash","Writhe"],"gold":473,"play_id":"e590a25f-39e9-4b5c-803e-eb12fa2f5a23","is_prod":false,"is_daily":false,"is_ascension_mode":false,"campfire_upgraded":3,"path_taken":["M","M","M","$","?","?","E","R","T","M","M","$","M","M","R","BOSS","M","?","?","M","M","R","?","R","T","$","?","M","R","E","R","BOSS"],"build_version":"2018-01-25-PROD3","purchased_purges":3,"victory":false,"master_deck":["Strike_R+1","Strike_R+1","Strike_R+1","Defend_R+1","Defend_R+1","Defend_R+1","Pummel","Pommel Strike+1","Disarm","Shockwave+1","Heavy Blade","Inflame","Sword Boomerang","Shrug It Off","Limit Break+1","Sentinel+1","Exhume+1","Metallicize+1","Pummel+1","Shrug It Off","Metallicize","Pommel Strike+1","Reaper"],"max_hp_per_floor":[86,86,86,86,86,86,86,86,86,86,86,86,86,86,86,86,86,86,86,86,86,86,86,86,86,86,86,86,86,86,86,86],"relics":["Burning Blood","Mango","Calipers","Letter Opener","Astrolabe","Dream Catcher","Torii","Old Coin"],"card_choices":[{"not_picked":["Clash","Headbutt"],"picked":"Pummel"},{"not_picked":["Warcry","Twin Strike"],"picked":"Pommel Strike"},{"not_picked":["Entrench","Brutality"],"picked":"Shockwave"},{"not_picked":["Iron Wave","Searing Blow"],"picked":"Heavy Blade"},{"not_picked":["Spot Weakness","Warcry"],"picked":"Inflame"},{"not_picked":["Cleave","Havoc"],"picked":"Shrug It Off"},{"not_picked":["Demon Form","Reaper"],"picked":"Limit Break"},{"not_picked":["Headbutt","Cleave"],"picked":"Pummel"},{"not_picked":["Anger","Headbutt"],"picked":"Pommel Strike"},{"not_picked":["Armaments","Battle Trance"],"picked":"Reaper"}],"player_experience":585627,"potions_floor_usage":[7,11,14,16,21,21,31],"damage_taken":[{"damage":5,"enemies":"Jaw Worm","floor":1,"turns":5},{"damage":1,"enemies":"Cultist","floor":2,"turns":3},{"damage":0,"enemies":"Small Slimes","floor":3,"turns":3},{"damage":14,"enemies":"Gremlin Nob","floor":7,"turns":3},{"damage":8,"enemies":"2 Fungi Beasts","floor":10,"turns":4},{"damage":14,"enemies":"Large Slime","floor":11,"turns":5},{"damage":7,"enemies":"Looter","floor":13,"turns":4},{"damage":3,"enemies":"2 Fungi Beasts","floor":14,"turns":4},{"damage":38,"enemies":"Hexaghost","floor":16,"turns":12},{"damage":16,"enemies":"Spheric Guardian","floor":18,"turns":4},{"damage":24,"enemies":"2 Thieves","floor":21,"turns":4},{"damage":1,"enemies":"Snecko","floor":22,"turns":4},{"damage":14,"enemies":"Snake Plant","floor":29,"turns":5},{"damage":31,"enemies":"Slavers","floor":31,"turns":8},{"damage":51,"enemies":"Automaton","floor":33,"turns":12}],"event_choices":[{"event_name":"World of Goop","player_choice":"Gather Gold","floor":5,"damage_taken":0},{"event_name":"Liars Game","player_choice":"disagreed","floor":6,"damage_taken":0},{"event_name":"The Lab","player_choice":"Got Potions","floor":19,"damage_taken":0},{"event_name":"Back to Basics","player_choice":"Simplicity","floor":20,"damage_taken":0},{"event_name":"The Mausoleum","player_choice":"Yes","floor":24,"damage_taken":0},{"event_name":"Accursed Blacksmith","player_choice":"Ignore","floor":28,"damage_taken":0}],"boss_relics":[{"not_picked":["Ectoplasm","Philosopher\u0027s Stone"],"picked":"Astrolabe"}],"potions_floor_spawned":[2,10,11,13,29],"seed_played":"-7157594593448767462","killed_by":"Automaton","ascension_level":0,"is_trial":false}