{"path_per_floor":["M","?","?","M","M","R","?","R","T","T","E","M","M","$","R","B",null,"M","$","M","?","M"],"character_chosen":"IRONCLAD","items_purchased":["Battle Trance"],"gold_per_floor":[114,114,64,84,96,96,96,96,96,119,150,164,176,101,101,202,202,218,39,41,41,54],"floor_reached":23,"campfire_rested":0,"playtime":1066,"current_hp_per_floor":[80,80,80,80,80,80,85,85,85,85,77,83,82,82,82,71,85,80,80,75,75,60],"items_purged":["Strike_R","Defend_R"],"gold":54,"score":191,"play_id":"8d23ef7a-d94e-447a-98f8-ee81d016b13c","is_prod":false,"is_daily":false,"is_ascension_mode":false,"campfire_upgraded":3,"path_taken":["M","?","?","?","M","R","?","R","T","?","E","?","M","$","R","BOSS","M","$","?","?","?","E"],"build_version":"2018-02-12-PROD1","purchased_purges":2,"victory":false,"master_deck":["Strike_R","Strike_R","Strike_R","Defend_R","Defend_R","Bash","Armaments+1","Rampage+1","Cleave","Rampage","Shrug It Off","Evolve+1","Shrug It Off","Dropkick+1","Battle Trance","Thunderclap"],"max_hp_per_floor":[80,80,80,80,80,80,85,85,85,85,85,85,85,85,85,85,85,85,85,85,85,85],"relics":["Burning Blood","Ginger","Omamori","Lantern","Runic Cube"],"card_choices":[{"not_picked":["Thunderclap","Intimidate"],"picked":"Rampage"},{"not_picked":["Wild Strike","Perfected Strike"],"picked":"Cleave"},{"not_picked":["Body Slam","Iron Wave"],"picked":"Rampage"},{"not_picked":["Havoc","Warcry"],"picked":"Shrug It Off"},{"not_picked":["Pummel","True Grit"],"picked":"Evolve"},{"not_picked":["Berserk","Disarm"],"picked":"Shrug It Off"},{"not_picked":["Wild Strike","Dual Wield"],"picked":"Dropkick"},{"not_picked":["Clash","Body Slam"],"picked":"Thunderclap"}],"player_experience":545217,"potions_floor_usage":[4,11,12,16,16,23],"damage_taken":[{"damage":1,"enemies":"Cultist","floor":1,"turns":3},{"damage":5,"enemies":"Blue Slaver","floor":4,"turns":4},{"damage":6,"enemies":"Jaw Worm","floor":5,"turns":3},{"damage":14,"enemies":"Gremlin Nob","floor":11,"turns":4},{"damage":0,"enemies":"3 Louse","floor":12,"turns":1},{"damage":7,"enemies":"Looter","floor":13,"turns":3},{"damage":32,"enemies":"Slime Boss","floor":16,"turns":8},{"damage":11,"enemies":"Chosen","floor":18,"turns":6},{"damage":11,"enemies":"2 Thieves","floor":20,"turns":4},{"damage":21,"enemies":"Snake Plant","floor":22,"turns":4},{"damage":35,"enemies":"Book of Stabbing","floor":23,"turns":6}],"event_choices":[{"event_name":"The Lab","player_choice":"Got Potions","floor":2,"damage_taken":0},{"event_name":"The Cleric","player_choice":"Card Removal","floor":3,"damage_taken":0},{"event_name":"Big Fish","player_choice":"Donut","floor":7,"damage_taken":0},{"event_name":"Cursed Tome","player_choice":"Ignored","floor":21,"damage_taken":0}],"boss_relics":[{"not_picked":["Runic Pyramid","Black Star"],"picked":"Runic Cube"}],"potions_floor_spawned":[4,5,11,20,22],"seed_played":"6864095904019691483","killed_by":"Book of Stabbing","ascension_level":0,"is_trial":false}