{"path_per_floor":["M","M","$","M","?","R","?","R","T","R","M","E","M","M","R","B",null,"M","?","M","?","?","R","E","R","T","M","M","T","M","M","R"],"character_chosen":"IRONCLAD","items_purchased":[],"gold_per_floor":[114,132,57,76,76,76,76,76,133,133,146,173,189,199,199,301,301,314,229,245,245,245,245,274,274,352,369,380,429,440,458,458],"floor_reached":33,"campfire_rested":3,"playtime":2396,"current_hp_per_floor":[80,80,80,80,80,80,80,80,80,80,80,55,58,55,79,53,84,74,74,58,58,42,67,57,82,82,84,84,84,76,61,61],"items_purged":["Strike_R"],"gold":458,"score":269,"play_id":"0176add5-9a9c-49f9-a9a4-3710f8f796e6","is_prod":false,"is_daily":false,"is_ascension_mode":false,"campfire_upgraded":4,"path_taken":["M","M","$","M","?","R","?","R","T","R","M","E","M","M","R","BOSS","M","?","?","?","?","R","E","R","T","M","M","?","M","?","R","BOSS"],"build_version":"2018-02-12-PROD1","purchased_purges":1,"victory":false,"master_deck":["Strike_R","Strike_R","Defend_R","Defend_R","Bash+1","Armaments+1","Inflame+1","Rampage+1","Inflame+1","Pommel Strike","Shrug It Off","Fire Breathing+1","Clothesline+1","Thunderclap+1","Intimidate","True Grit+1","Seeing Red+1","Whirlwind","Flame Barrier","Headbutt+1"],"max_hp_per_floor":[80,80,80,80,80,80,80,80,80,80,80,80,82,82,82,84,84,84,84,84,84,84,84,84,84,84,84,84,84,84,86,86],"relics":["Burning Blood","Tiny Chest","Singing Bowl","Astrolabe","Mercury Hourglass","Ancient Tea Set","Nilry\u0027s Codex","The Courier","Letter Opener","Blood Vial"],"card_choices":[{"not_picked":["Reckless Charge","Havoc"],"picked":"Armaments"},{"not_picked":["Clash","True Grit"],"picked":"Inflame"},{"not_picked":["Sword Boomerang","Reckless Charge"],"picked":"Rampage"},{"not_picked":["Sever Soul","Entrench"],"picked":"Pommel Strike"},{"not_picked":["Infernal Blade","Evolve"],"picked":"Shrug It Off"},{"not_picked":["Armaments","Reckless Charge"],"picked":"Intimidate"},{"not_picked":["Wild Strike","Body Slam"],"picked":"True Grit"},{"not_picked":["Fiend Fire","Corruption"],"picked":"Seeing Red"},{"not_picked":["Second Wind","Power Through"],"picked":"Whirlwind"},{"not_picked":["Cleave","Wild Strike"],"picked":"Flame Barrier"},{"not_picked":["Havoc","Corruption"],"picked":"Headbutt"}],"player_experience":553033,"potions_floor_usage":[12,14,20,24,30],"damage_taken":[{"damage":1,"enemies":"Cultist","floor":1,"turns":3},{"damage":0,"enemies":"2 Louse","floor":2,"turns":2},{"damage":6,"enemies":"Blue Slaver","floor":4,"turns":5},{"damage":0,"enemies":"Large Slime","floor":11,"turns":4},{"damage":31,"enemies":"Lagavulin","floor":12,"turns":4},{"damage":5,"enemies":"Looter","floor":13,"turns":3},{"damage":9,"enemies":"Exordium Wildlife","floor":14,"turns":4},{"damage":34,"enemies":"The Guardian","floor":16,"turns":10},{"damage":16,"enemies":"Spheric Guardian","floor":18,"turns":4},{"damage":22,"enemies":"2 Thieves","floor":20,"turns":4},{"damage":28,"enemies":"Gremlin Leader","floor":24,"turns":4},{"damage":3,"enemies":"3 Cultists","floor":27,"turns":3},{"damage":4,"enemies":"Cultist and Chosen","floor":28,"turns":5},{"damage":14,"enemies":"Sentry and Sphere","floor":30,"turns":4},{"damage":25,"enemies":"Snecko","floor":31,"turns":5},{"damage":64,"enemies":"Collector","floor":33,"turns":9}],"event_choices":[{"event_name":"Living Wall","player_choice":"Change","floor":5,"damage_taken":0},{"event_name":"Upgrade Shrine","player_choice":"Upgraded","floor":7,"damage_taken":0},{"event_name":"Addict","player_choice":"Obtained Relic","floor":19,"damage_taken":0},{"event_name":"The Mausoleum","player_choice":"Yes","floor":21,"damage_taken":0},{"event_name":"Cursed Tome","player_choice":"Obtained Book","floor":22,"damage_taken":0}],"boss_relics":[{"not_picked":["Runic Dome","Eternal Feather"],"picked":"Astrolabe"}],"potions_floor_spawned":[1,11,18,20,27],"seed_played":"1108954703664537137","killed_by":"Collector","ascension_level":0,"is_trial":false}