{"path_per_floor":["M","$","?","?","?","M","M","M","T","R","M","M","M","E","R","B",null,"M","$","T","$","?","R","?","R","T","E","$","M","R","M","R","B",null,"M","M","$","?","M","R","$","?","T","?","M","$","R","M","R"],"character_chosen":"IRONCLAD","items_purchased":["Rampage","Apotheosis","Rampage","Finesse","Rampage"],"gold_per_floor":[218,66,66,66,141,154,164,180,232,232,242,257,272,297,297,392,392,411,110,181,16,16,16,16,16,16,47,47,61,61,75,75,180,180,197,209,84,84,96,96,58,58,58,58,75,75,75,95,95],"floor_reached":50,"campfire_rested":5,"playtime":3060,"current_hp_per_floor":[80,80,73,57,46,50,56,55,55,55,61,67,73,47,71,7,80,63,63,63,63,48,73,73,73,73,51,51,52,77,82,82,60,85,55,63,63,84,82,82,82,82,82,85,68,68,85,53,78],"items_purged":["Strike_R","Strike_R","Evolve"],"gold":95,"score":410,"play_id":"5f36e10a-3f50-429e-8bfe-6246924b0c4e","is_prod":false,"is_daily":false,"is_ascension_mode":false,"campfire_upgraded":4,"path_taken":["M","$","?","?","?","M","M","?","T","R","M","M","M","E","R","BOSS","M","?","?","$","?","R","?","R","T","E","$","M","R","M","R","BOSS","M","M","$","?","M","R","$","?","T","?","M","?","R","M","R","BOSS"],"build_version":"2018-02-15-PROD1","purchased_purges":3,"victory":false,"master_deck":["Strike_R","Strike_R","Strike_R","Defend_R","Defend_R","Defend_R+1","Defend_R","Bash","Armaments","Rampage+1","Shrug It Off","Cleave","True Grit+1","Warcry","Headbutt","Warcry","Apotheosis+1","Rampage","Finesse","Metallicize+1","Spot Weakness","Pommel Strike+1","Double Tap+1","Flex+1","Rampage","Shockwave+1"],"max_hp_per_floor":[80,80,80,80,80,80,80,80,80,80,80,80,80,80,80,80,80,80,80,80,80,85,85,85,85,85,85,85,85,85,85,85,85,85,85,85,85,85,85,85,85,85,85,85,85,85,85,85,85],"relics":["Black Blood","Ornamental Fan","Omamori","Juzu Bracelet","Sozu","Darkstone Periapt","Frozen Egg 2","Bottled Lightning","Lantern"],"card_choices":[{"not_picked":["Thunderclap","Warcry"],"picked":"Armaments"},{"not_picked":["Wild Strike","Combust"],"picked":"Shrug It Off"},{"not_picked":["Iron Wave","Sword Boomerang"],"picked":"Cleave"},{"not_picked":["Flex","Heavy Blade"],"picked":"True Grit"},{"not_picked":["Double Tap","Perfected Strike"],"picked":"Evolve"},{"not_picked":["Shockwave","Clash"],"picked":"Warcry"},{"not_picked":["Armaments","Wild Strike"],"picked":"Headbutt"},{"not_picked":["Brutality","Juggernaut"],"picked":"Feed"},{"not_picked":["Sword Boomerang","Intimidate"],"picked":"Warcry"},{"not_picked":["Headbutt","Evolve"],"picked":"Metallicize"},{"not_picked":["Ghostly Armor","Clash"],"picked":"Spot Weakness"},{"not_picked":["Searing Blow","Clothesline"],"picked":"Pommel Strike"},{"not_picked":["Bludgeon","Feed"],"picked":"Double Tap"},{"not_picked":["Bloodletting","Burning Pact"],"picked":"Flex"},{"not_picked":["Heavy Blade","Warcry"],"picked":"Shockwave"}],"player_experience":670707,"potions_floor_usage":[],"damage_taken":[{"damage":2.0,"enemies":"2 Louse","floor":1.0,"turns":3.0},{"damage":2.0,"enemies":"Jaw Worm","floor":6.0,"turns":6.0},{"damage":0.0,"enemies":"Small Slimes","floor":7.0,"turns":3.0},{"damage":7.0,"enemies":"Blue Slaver","floor":8.0,"turns":5.0},{"damage":0.0,"enemies":"2 Fungi Beasts","floor":11.0,"turns":3.0},{"damage":0.0,"enemies":"Large Slime","floor":12.0,"turns":5.0},{"damage":0.0,"enemies":"Red Slaver","floor":13.0,"turns":4.0},{"damage":32.0,"enemies":"Lagavulin","floor":14.0,"turns":6.0},{"damage":70.0,"enemies":"Hexaghost","floor":16.0,"turns":13.0},{"damage":23.0,"enemies":"Spheric Guardian","floor":18.0,"turns":5.0},{"damage":28.0,"enemies":"Book of Stabbing","floor":27.0,"turns":6.0},{"damage":5.0,"enemies":"3 Byrds","floor":29.0,"turns":6.0},{"damage":1.0,"enemies":"Slaver and Parasite","floor":31.0,"turns":7.0},{"damage":28.0,"enemies":"Collector","floor":33.0,"turns":10.0},{"damage":40.0,"enemies":"3 Darklings","floor":35.0,"turns":5.0},{"damage":2.0,"enemies":"Orb Walker","floor":36.0,"turns":4.0},{"damage":12.0,"enemies":"3 Darklings","floor":39.0,"turns":7.0},{"damage":27,"enemies":"Maw","floor":45,"turns":9},{"damage":42,"enemies":"4 Shapes","floor":48,"turns":7},{"damage":18,"enemies":"Time Eater","floor":50,"turns":4}],"event_choices":[{"event_name":"Scrap Ooze","player_choice":"success","floor":3.0,"damage_taken":7.0},{"event_name":"Shining Light","player_choice":"Entered Light","floor":4.0,"damage_taken":0.0},{"event_name":"World of Goop","player_choice":"Gather Gold","floor":5.0,"damage_taken":0.0},{"event_name":"Forgotten Altar","player_choice":"Shed Blood","floor":22.0,"damage_taken":0.0},{"event_name":"Drug Dealer","player_choice":"Ignored","floor":24.0,"damage_taken":0.0},{"event_name":"Winding Halls","player_choice":"Writhe","floor":38.0,"damage_taken":0.0},{"event_name":"Wheel of Change","player_choice":"Full Heal","floor":44,"damage_taken":0}],"boss_relics":[],"potions_floor_spawned":[8,12,13,27,29,31,35,36,48],"seed_played":"-7335439336132863319","killed_by":"Time Eater","ascension_level":0,"is_trial":false}