{"path_per_floor":["M","?","M","$","T","E","R","M","T","?","?","M","R","M","R","B",null,"M","?","M","$","M","R","?","R","T","M","M","?","M","M","R","B",null,"M","M","M","$","M","R","?","M","T","R","M","R","?","M","R"],"character_chosen":"IRONCLAD","items_purchased":["Paper Frog","Shrug It Off","Regal Pillow","Panacea"],"gold_per_floor":[20,20,39,39,39,69,69,82,82,82,82,101,101,119,119,220,220,239,239,259,7,20,20,20,20,73,88,99,99,115,129,129,230,230,244,259,279,7,23,23,0,10,60,60,70,70,70,81,81],"floor_reached":50,"campfire_rested":2,"playtime":3297,"current_hp_per_floor":[80,80,80,80,80,48,48,54,54,47,47,53,53,58,58,39,80,65,65,70,70,80,80,80,80,80,69,75,75,80,80,80,42,80,80,70,53,53,42,80,80,57,57,57,51,51,51,45,80],"items_purged":[],"gold":81,"score":398,"play_id":"5f41ecde-94a0-4bd7-82f5-096d15dfdd90","is_prod":false,"is_daily":false,"is_ascension_mode":false,"campfire_upgraded":8,"path_taken":["M","?","?","$","?","E","R","?","T","?","?","M","R","?","R","BOSS","M","?","M","$","M","R","?","R","T","M","M","?","M","M","R","BOSS","M","M","M","$","M","R","?","M","T","R","M","R","?","M","R","BOSS"],"build_version":"2018-02-22-PROD2","purchased_purges":1,"victory":false,"master_deck":["Strike_R+1","Strike_R+1","Strike_R+1","Defend_R+1","Defend_R+1","Defend_R+1","Bash+1","Seeing Red","Headbutt","Flame Barrier+1","Disarm+1","Battle Trance","Iron Wave","Anger","Cleave","Warcry+1","Bludgeon+1","Inflame+1","Warcry","Limit Break+1","Flex+1","Shrug It Off+1","Pummel","Bloodletting","Pummel+1","Shrug It Off","Panacea","Thunderclap+1","Armaments+1"],"max_hp_per_floor":[80,80,80,80,80,80,80,80,80,80,80,80,80,80,80,80,80,80,80,80,80,80,80,80,80,80,80,80,80,80,80,80,80,80,80,80,80,80,80,80,80,80,80,80,80,80,80,80,80],"relics":["Burning Blood","Torii","Calipers","Bag of Marbles","Charon\u0027s Ashes","Runic Cube","Paper Frog","Bag of Preparation","Lizard Tail","Regal Pillow","Red Mask","Anchor"],"card_choices":[{"not_picked":["Clash","Heavy Blade"],"picked":"Seeing Red"},{"not_picked":["Pommel Strike","Intimidate"],"picked":"Disarm"},{"not_picked":["Corruption","Wild Strike"],"picked":"Battle Trance"},{"not_picked":["Sword Boomerang","Heavy Blade"],"picked":"Iron Wave"},{"not_picked":["Sever Soul","Evolve"],"picked":"Cleave"},{"not_picked":["Armaments","Dual Wield"],"picked":"Warcry"},{"not_picked":["Barricade","Double Tap"],"picked":"Bludgeon"},{"not_picked":["Thunderclap","Flame Barrier"],"picked":"Inflame"},{"not_picked":["Feel No Pain","Anger"],"picked":"Warcry"},{"not_picked":["Limit Break","Pommel Strike"],"picked":"Flex"},{"not_picked":["Rupture","Perfected Strike"],"picked":"Shrug It Off"},{"not_picked":["Hemokinesis","Flex"],"picked":"Pummel"},{"not_picked":["Flex","Twin Strike"],"picked":"Bloodletting"},{"not_picked":["Clash","True Grit"],"picked":"Pummel"},{"not_picked":["Cleave","Ghostly Armor"],"picked":"Thunderclap"},{"not_picked":["Dropkick","Carnage"],"picked":"Armaments"}],"player_experience":805607,"potions_floor_usage":[50],"damage_taken":[{"damage":4.0,"enemies":"Small Slimes","floor":1.0,"turns":5.0},{"damage":1.0,"enemies":"Cultist","floor":3.0,"turns":4.0},{"damage":38.0,"enemies":"Gremlin Nob","floor":6.0,"turns":6.0},{"damage":0.0,"enemies":"2 Louse","floor":8.0,"turns":2.0},{"damage":0.0,"enemies":"Large Slime","floor":12.0,"turns":5.0},{"damage":1.0,"enemies":"Blue Slaver","floor":14.0,"turns":2.0},{"damage":40.0,"enemies":"Slime Boss","floor":16.0,"turns":12.0},{"damage":21.0,"enemies":"Spheric Guardian","floor":18.0,"turns":4.0},{"damage":1.0,"enemies":"Chosen","floor":20.0,"turns":4.0},{"damage":2.0,"enemies":"Snake Plant","floor":22.0,"turns":3.0},{"damage":17.0,"enemies":"Sentry and Sphere","floor":27.0,"turns":4.0},{"damage":0.0,"enemies":"Chosen and Byrds","floor":28.0,"turns":5.0},{"damage":0.0,"enemies":"Centurion and Healer","floor":30.0,"turns":6.0},{"damage":0.0,"enemies":"3 Cultists","floor":31.0,"turns":3.0},{"damage":44.0,"enemies":"Champ","floor":33.0,"turns":8.0},{"damage":5.0,"enemies":"Orb Walker","floor":35.0,"turns":4.0},{"damage":16.0,"enemies":"3 Shapes","floor":36.0,"turns":6.0},{"damage":23.0,"enemies":"Sphere and 2 Shapes","floor":37.0,"turns":7.0},{"damage":17.0,"enemies":"4 Shapes","floor":39.0,"turns":5.0},{"damage":29.0,"enemies":"Maw","floor":42.0,"turns":7.0},{"damage":12.0,"enemies":"3 Darklings","floor":45.0,"turns":3.0},{"damage":12.0,"enemies":"Sphere and 2 Shapes","floor":48.0,"turns":5.0},{"damage":42,"enemies":"Time Eater","floor":50,"turns":10}],"event_choices":[{"event_name":"Match and Keep!","player_choice":"2 cards matched","floor":2.0,"damage_taken":0.0},{"event_name":"Golden Wing","player_choice":"Card Removal","floor":10.0,"damage_taken":0.0},{"event_name":"Living Wall","player_choice":"Change","floor":11.0,"damage_taken":0.0},{"event_name":"Upgrade Shrine","player_choice":"Upgraded","floor":19.0,"damage_taken":0.0},{"event_name":"Transmorgrifier","player_choice":"Transform","floor":24.0,"damage_taken":0.0},{"event_name":"Back to Basics","player_choice":"Simplicity","floor":29.0,"damage_taken":0.0},{"event_name":"Tomb of Lord Red Mask","player_choice":"Paid","floor":41.0,"damage_taken":0.0},{"event_name":"Transmorgrifier","player_choice":"Skipped","floor":47.0,"damage_taken":0.0}],"boss_relics":[],"potions_floor_spawned":[6,8,12,18,30,37,39,42],"seed_played":"-1323419181553909574","killed_by":"Time Eater","ascension_level":0,"is_trial":false}