{"path_per_floor":["M","?","M","?","M","$","M","R","T","M","E","M","M","$","R","B",null,"M","$","M","M","M","R","?","R","T","M","R","M","T","?","R","B",null,"M","M","$","M","?","R","M","$","T","?","R","M","M","$","R","B"],"character_chosen":"IRONCLAD","items_purchased":["Armaments","Inflame","Warcry","Mummified Hand","Dexterity Potion"],"gold_per_floor":[111,111,131,131,146,45,57,57,57,69,104,117,127,55,55,155,155,170,44,61,78,91,91,91,91,117,132,132,147,147,147,147,249,249,261,273,148,163,263,263,276,36,36,36,36,54,71,19,19,19],"floor_reached":51,"campfire_rested":2,"playtime":2940,"current_hp_per_floor":[80,64,70,70,76,76,80,80,80,70,45,49,57,57,57,62,80,80,80,80,80,72,72,72,72,72,68,68,64,64,64,80,58,80,77,80,80,77,77,77,68,68,68,58,80,66,74,74,74,35],"items_purged":["Strike_R","Strike_R","Decay"],"gold":19,"score":628,"play_id":"c52c02d0-a18b-4645-aba3-f2cf4b3fc270","local_time":"20180318182759","is_prod":false,"is_daily":false,"is_ascension_mode":false,"campfire_upgraded":7,"timestamp":1521394079,"path_taken":["M","?","M","?","M","$","M","R","T","M","E","M","M","$","R","BOSS","M","$","M","M","?","R","?","R","T","M","R","?","?","?","R","BOSS","M","M","$","M","?","R","M","$","T","?","R","M","M","?","R","BOSS"],"build_version":"2018-03-15v3","purchased_purges":3,"victory":true,"master_deck":["Strike_R","Strike_R","Defend_R","Defend_R","Defend_R+1","Defend_R","Bash+1","Bloodletting","Shrug It Off","Sword Boomerang","Body Slam+1","Armaments+1","Cleave","Rampage","Metallicize+1","Reaper","Ghostly Armor","Inflame+1","Reaper","Warcry+1","Combust","Blood for Blood","Shrug It Off","Limit Break+1","Disarm+1","Offering","Warcry","Whirlwind+1","Intimidate+1","Madness","Madness"],"max_hp_per_floor":[80,80,80,80,80,80,80,80,80,80,80,80,80,80,80,80,80,80,80,80,80,80,80,80,80,80,80,80,80,80,80,80,80,80,80,80,80,80,80,80,80,80,80,80,80,80,80,80,80,80],"relics":["Burning Blood","Vajra","Shuriken","Velvet Choker","Oddly Smooth Stone","Calipers","Runic Cube","Mummified Hand","Frozen Egg 2"],"card_choices":[{"not_picked":["Second Wind","Sword Boomerang"],"picked":"Shrug It Off"},{"not_picked":["Armaments","True Grit"],"picked":"Sword Boomerang"},{"not_picked":["Blood for Blood","Headbutt"],"picked":"Body Slam"},{"not_picked":["Warcry","Rage"],"picked":"Cleave"},{"not_picked":["Fire Breathing","Power Through"],"picked":"Rampage"},{"not_picked":["Shockwave","Pummel"],"picked":"Metallicize"},{"not_picked":["Blood for Blood","Fire Breathing"],"picked":"Reaper"},{"not_picked":["Cleave","Combust"],"picked":"Ghostly Armor"},{"not_picked":["Feed","Double Tap"],"picked":"Reaper"},{"not_picked":["Burning Pact","Cleave"],"picked":"Combust"},{"not_picked":["Evolve","Power Through"],"picked":"Blood for Blood"},{"not_picked":["Havoc","Armaments"],"picked":"Shrug It Off"},{"not_picked":["Sword Boomerang","Seeing Red"],"picked":"Disarm"},{"not_picked":["Fiend Fire","Berserk"],"picked":"Offering"},{"not_picked":["Thunderclap","Combust"],"picked":"Warcry"},{"not_picked":["Feel No Pain","Clothesline"],"picked":"Whirlwind"},{"not_picked":["Entrench","Sword Boomerang"],"picked":"Intimidate"}],"player_experience":896847,"potions_floor_usage":[38,50,50,50],"damage_taken":[{"damage":4.0,"enemies":"Jaw Worm","floor":1.0,"turns":3.0},{"damage":0.0,"enemies":"2 Louse","floor":3.0,"turns":5.0},{"damage":0.0,"enemies":"Small Slimes","floor":5.0,"turns":6.0},{"damage":0.0,"enemies":"3 Louse","floor":7.0,"turns":2.0},{"damage":16.0,"enemies":"Exordium Thugs","floor":10.0,"turns":3.0},{"damage":31.0,"enemies":"Lagavulin","floor":11.0,"turns":5.0},{"damage":2.0,"enemies":"Looter","floor":12.0,"turns":2.0},{"damage":4.0,"enemies":"Gremlin Gang","floor":13.0,"turns":3.0},{"damage":16.0,"enemies":"Slime Boss","floor":16.0,"turns":10.0},{"damage":0.0,"enemies":"Chosen","floor":18.0,"turns":4.0},{"damage":17.0,"enemies":"3 Byrds","floor":20.0,"turns":5.0},{"damage":3.0,"enemies":"Centurion and Healer","floor":21.0,"turns":6.0},{"damage":21.0,"enemies":"Snake Plant","floor":22.0,"turns":5.0},{"damage":15.0,"enemies":"Snecko","floor":27.0,"turns":7.0},{"damage":28.0,"enemies":"Chosen and Byrds","floor":29.0,"turns":8.0},{"damage":75.0,"enemies":"Collector","floor":33.0,"turns":11.0},{"damage":9.0,"enemies":"Orb Walker","floor":35.0,"turns":4.0},{"damage":17.0,"enemies":"3 Shapes","floor":36.0,"turns":5.0},{"damage":9,"enemies":"3 Darklings","floor":38,"turns":4},{"damage":15,"enemies":"Maw","floor":41,"turns":8},{"damage":20,"enemies":"Sphere and 2 Shapes","floor":46,"turns":5},{"damage":18,"enemies":"4 Shapes","floor":47,"turns":6},{"damage":58,"enemies":"Time Eater","floor":50,"turns":12}],"event_choices":[{"event_name":"Shining Light","player_choice":"Entered Light","floor":2.0,"damage_taken":0.0},{"event_name":"Liars Game","player_choice":"disagreed","floor":4.0,"damage_taken":0.0},{"event_name":"The Library","player_choice":"Read","floor":24.0,"damage_taken":0.0},{"event_name":"Forgotten Altar","player_choice":"Smashed Altar","floor":31.0,"damage_taken":0.0},{"event_name":"Golden Shrine","player_choice":"Pray","floor":39,"damage_taken":0},{"event_name":"Winding Halls","player_choice":"Embrace Madness","floor":44,"damage_taken":0}],"boss_relics":[],"potions_floor_spawned":[1,5,7,13,16,20,22,29,36,46,47],"seed_played":"2003630884616604636","ascension_level":0,"is_trial":false}