{"path_per_floor":["M","M","$","?","M","R","E","R","T","R","$","M","?","M","R","B",null,"M","T","M","$","?","R","T","R","T","R","M","?","M","M","R","B",null,"M","?","M","M","?","R","$","M","T","M","R","M","M","M","R","B"],"character_chosen":"IRONCLAD","items_purchased":["Flash of Steel","Inflame","Apotheosis","Happy Flower","Oddly Smooth Stone"],"gold_per_floor":[119,134,43,43,53,53,83,83,108,108,33,51,151,166,166,269,269,285,342,353,1,1,1,25,25,325,325,341,341,359,375,375,477,477,494,494,509,522,622,622,188,204,204,223,223,238,254,272,272,272],"floor_reached":51,"campfire_rested":3,"playtime":2443,"current_hp_per_floor":[88,88,88,88,88,88,60,60,60,60,60,62,62,68,68,44,88,88,88,88,88,88,88,88,88,88,88,81,81,78,72,88,30,88,73,73,71,54,54,88,88,87,87,88,88,69,61,53,88,63],"items_purged":["Defend_R","Strike_R","Strike_R"],"gold":272,"score":701,"play_id":"913ae80e-f482-4aea-a918-b9750e652f37","local_time":"20180325030828","is_prod":false,"is_daily":false,"is_ascension_mode":false,"campfire_upgraded":8,"timestamp":1521940108,"path_taken":["M","M","$","?","M","R","E","R","T","R","?","M","?","M","R","BOSS","M","?","?","$","?","R","?","R","T","R","M","?","M","?","R","BOSS","M","?","M","M","?","R","$","M","T","?","R","M","M","M","R","BOSS"],"build_version":"2018-03-22v2","purchased_purges":4,"victory":true,"master_deck":["Strike_R","Strike_R","Defend_R","Defend_R","Defend_R","Bash","Flame Barrier+1","Spot Weakness+1","Flash of Steel","Rage+1","Sword Boomerang","Anger+1","Limit Break+1","Heavy Blade+1","Inflame+1","Apotheosis+1","Disarm+1","Uppercut","Shrug It Off","Iron Wave+1","Metallicize+1","Metallicize+1"],"max_hp_per_floor":[88,88,88,88,88,88,88,88,88,88,88,88,88,88,88,88,88,88,88,88,88,88,88,88,88,88,88,88,88,88,88,88,88,88,88,88,88,88,88,88,88,88,88,88,88,88,88,88,88,88],"relics":["Burning Blood","Bag of Preparation","Bronze Scales","Runic Cube","Tiny Chest","Orichalcum","Old Coin","Calling Bell","Regal Pillow","Magic Flower","Art of War","Happy Flower","Oddly Smooth Stone","Red Skull"],"card_choices":[{"not_picked":["Pummel","Heavy Blade"],"picked":"Flame Barrier","floor":1.0},{"not_picked":["Heavy Blade","Sentinel"],"picked":"Spot Weakness","floor":2.0},{"not_picked":["True Grit","Brutality"],"picked":"Rage","floor":7.0},{"not_picked":["Flex","Iron Wave"],"picked":"Sword Boomerang","floor":12.0},{"not_picked":["Wild Strike","Flex"],"picked":"Anger","floor":14.0},{"not_picked":["Fiend Fire","Barricade"],"picked":"Limit Break","floor":16.0},{"not_picked":["Dropkick","Warcry"],"picked":"Heavy Blade","floor":18.0},{"not_picked":["Sever Soul","Flex"],"picked":"Heavy Blade","floor":20.0},{"not_picked":["Wild Strike","Anger"],"picked":"Disarm","floor":28.0},{"not_picked":["Dual Wield","Entrench"],"picked":"Uppercut","floor":31.0},{"not_picked":["Flex","Clash"],"picked":"Shrug It Off","floor":35.0},{"not_picked":["Heavy Blade","Sentinel"],"picked":"Iron Wave","floor":37.0},{"not_picked":["Searing Blow","Disarm"],"picked":"Metallicize","floor":44.0},{"not_picked":["Shrug It Off","True Grit"],"picked":"Metallicize","floor":46}],"player_experience":930817,"potions_floor_usage":[46,50,50,50],"damage_taken":[{"damage":6.0,"enemies":"Jaw Worm","floor":1.0,"turns":5.0},{"damage":6.0,"enemies":"Cultist","floor":2.0,"turns":3.0},{"damage":4.0,"enemies":"Small Slimes","floor":5.0,"turns":4.0},{"damage":34.0,"enemies":"Lagavulin","floor":7.0,"turns":7.0},{"damage":4.0,"enemies":"Exordium Thugs","floor":12.0,"turns":3.0},{"damage":0.0,"enemies":"Red Slaver","floor":14.0,"turns":3.0},{"damage":30.0,"enemies":"Hexaghost","floor":16.0,"turns":7.0},{"damage":5.0,"enemies":"Spheric Guardian","floor":18.0,"turns":4.0},{"damage":0.0,"enemies":"3 Byrds","floor":20.0,"turns":4.0},{"damage":13.0,"enemies":"Cultist and Chosen","floor":28.0,"turns":5.0},{"damage":9.0,"enemies":"Snecko","floor":30.0,"turns":3.0},{"damage":12.0,"enemies":"Centurion and Healer","floor":31.0,"turns":5.0},{"damage":64.0,"enemies":"Collector","floor":33.0,"turns":11.0},{"damage":24.0,"enemies":"3 Darklings","floor":35.0,"turns":6.0},{"damage":11.0,"enemies":"Orb Walker","floor":37.0,"turns":4.0},{"damage":26.0,"enemies":"3 Darklings","floor":38.0,"turns":7.0},{"damage":10.0,"enemies":"Sphere and 2 Shapes","floor":42.0,"turns":5.0},{"damage":1.0,"enemies":"Maw","floor":44.0,"turns":6.0},{"damage":28,"enemies":"3 Darklings","floor":46,"turns":5},{"damage":17,"enemies":"Sphere and 2 Shapes","floor":47,"turns":5},{"damage":17,"enemies":"4 Shapes","floor":48,"turns":6},{"damage":34,"enemies":"Donu and Deca","floor":50,"turns":8}],"event_choices":[{"event_name":"The Cleric","player_choice":"Leave","floor":4.0,"damage_taken":0.0},{"event_name":"Golden Shrine","player_choice":"Pray","floor":13.0,"damage_taken":0.0},{"event_name":"Vampires","player_choice":"Ignored","floor":22.0,"damage_taken":0.0},{"event_name":"Back to Basics","player_choice":"Elegance","floor":29.0,"damage_taken":0.0},{"event_name":"Purifier","player_choice":"One Purge","floor":36.0,"damage_taken":0.0},{"event_name":"Golden Shrine","player_choice":"Pray","floor":39.0,"damage_taken":0.0}],"boss_relics":[],"potions_floor_spawned":[1,2,7,12,14,20,28,30,35,37,38,48],"seed_played":"8191811158911674044","ascension_level":0,"is_trial":false}