{"path_per_floor":["M","?","M","?","M","E","M","R","T","E","$","M","?","T","R","B",null,"M","$","M","?","M","R","M","R","T","T","M","R","?","M","R","B",null,"M","?","$","M","?","R","?","M","T","M","R","M","M","M","R","B"],"character_chosen":"IRONCLAD","items_purchased":["Gremlin Horn","Panacea","Self Forming Clay","Kunai"],"gold_per_floor":[115,115,135,85,100,434,454,454,477,507,155,169,169,217,217,312,312,324,64,76,76,86,86,97,97,97,121,131,131,131,147,147,251,251,269,269,14,30,30,30,30,40,66,81,81,94,114,131,131,131],"floor_reached":51,"campfire_rested":0,"playtime":2027,"current_hp_per_floor":[80,80,80,80,75,62,63,63,63,59,59,65,65,65,65,57,80,80,80,73,73,65,65,62,62,62,62,68,68,68,74,74,50,80,80,80,80,80,80,80,80,80,80,76,76,75,80,80,80,49],"items_purged":[],"gold":131,"score":686,"play_id":"209f6a93-2f62-4b01-bebd-c3e7f9e0dcc2","local_time":"20180325231637","is_prod":false,"is_daily":false,"is_ascension_mode":false,"campfire_upgraded":9,"timestamp":1522012597,"path_taken":["M","?","M","?","?","E","M","R","T","E","$","M","?","?","R","BOSS","M","$","M","?","M","R","M","R","T","?","M","R","?","M","R","BOSS","M","?","$","M","?","R","?","M","T","M","R","M","?","M","R","BOSS"],"build_version":"2018-03-22v2","purchased_purges":1,"victory":true,"master_deck":["Strike_R+1","Strike_R+1","Strike_R+1","Strike_R+1","Defend_R+1","Defend_R+1","Defend_R+1","Bash+1","Body Slam+1","Shockwave+1","Perfected Strike+1","Double Tap+1","Cleave+1","Pommel Strike+1","Perfected Strike+1","Brutality","Twin Strike","Perfected Strike+1","Offering+1","Metallicize+1","Evolve+1","Thunderclap+1","True Grit+1"],"max_hp_per_floor":[80,80,80,80,80,80,80,80,80,80,80,80,80,80,80,80,80,80,80,80,80,80,80,80,80,80,80,80,80,80,80,80,80,80,80,80,80,80,80,80,80,80,80,80,80,80,80,80,80,80],"relics":["Burning Blood","Lantern","Old Coin","Art of War","Pen Nib","Gremlin Horn","Dream Catcher","White Beast Statue","Self Forming Clay","Sundial","Anchor","Mark of Pain","Kunai","Oddly Smooth Stone"],"card_choices":[{"not_picked":["Corruption","Evolve"],"picked":"Body Slam","floor":1.0},{"not_picked":["Havoc","Ghostly Armor"],"picked":"Shockwave","floor":3.0},{"not_picked":["Pommel Strike","Clothesline"],"picked":"Perfected Strike","floor":5.0},{"not_picked":["True Grit","Power Through"],"picked":"Double Tap","floor":6.0},{"not_picked":["Warcry","Clash"],"picked":"Cleave","floor":7.0},{"not_picked":["Clash","Flex"],"picked":"Pommel Strike","floor":10.0},{"not_picked":["Clothesline","Heavy Blade"],"picked":"Perfected Strike","floor":12.0},{"not_picked":["Berserk","Fiend Fire"],"picked":"Brutality","floor":16.0},{"not_picked":["Bloodletting","Whirlwind"],"picked":"Twin Strike","floor":18.0},{"not_picked":["Iron Wave","Infernal Blade"],"picked":"Perfected Strike","floor":22.0},{"not_picked":["Immolate","Double Tap"],"picked":"Offering","floor":33.0},{"not_picked":["Body Slam","Second Wind"],"picked":"Metallicize","floor":35.0},{"not_picked":["Sentinel","Hemokinesis"],"picked":"Evolve","floor":42},{"not_picked":["Shrug It Off","Armaments"],"picked":"Thunderclap","floor":46},{"not_picked":["Warcry","Clash"],"picked":"True Grit","floor":47}],"player_experience":942141,"potions_floor_usage":[42,46,50,50,50],"damage_taken":[{"damage":5.0,"enemies":"Small Slimes","floor":1.0,"turns":4.0},{"damage":6.0,"enemies":"Cultist","floor":3.0,"turns":3.0},{"damage":11.0,"enemies":"Jaw Worm","floor":5.0,"turns":2.0},{"damage":19.0,"enemies":"Lagavulin","floor":6.0,"turns":6.0},{"damage":5.0,"enemies":"Looter","floor":7.0,"turns":3.0},{"damage":10.0,"enemies":"Gremlin Nob","floor":10.0,"turns":3.0},{"damage":0.0,"enemies":"Gremlin Gang","floor":12.0,"turns":3.0},{"damage":14.0,"enemies":"Slime Boss","floor":16.0,"turns":7.0},{"damage":5.0,"enemies":"Spheric Guardian","floor":18.0,"turns":3.0},{"damage":13.0,"enemies":"Shell Parasite","floor":20.0,"turns":4.0},{"damage":14.0,"enemies":"Chosen and Byrds","floor":22.0,"turns":4.0},{"damage":9.0,"enemies":"Centurion and Healer","floor":24.0,"turns":3.0},{"damage":0.0,"enemies":"Sentry and Sphere","floor":28.0,"turns":1.0},{"damage":0.0,"enemies":"Cultist and Chosen","floor":31.0,"turns":2.0},{"damage":45.0,"enemies":"Automaton","floor":33.0,"turns":8.0},{"damage":6.0,"enemies":"3 Darklings","floor":35.0,"turns":3.0},{"damage":0.0,"enemies":"3 Shapes","floor":38.0,"turns":1.0},{"damage":4,"enemies":"Maw","floor":42,"turns":5},{"damage":10,"enemies":"3 Darklings","floor":44,"turns":4},{"damage":7,"enemies":"Sphere and 2 Shapes","floor":46,"turns":4},{"damage":0,"enemies":"4 Shapes","floor":47,"turns":3},{"damage":5,"enemies":"3 Darklings","floor":48,"turns":4},{"damage":37,"enemies":"Donu and Deca","floor":50,"turns":8}],"event_choices":[{"event_name":"Liars Game","player_choice":"disagreed","floor":2.0,"damage_taken":0.0},{"event_name":"The Cleric","player_choice":"Card Removal","floor":4.0,"damage_taken":0.0},{"event_name":"Bonfire Elementals","player_choice":"BASIC","floor":13.0,"damage_taken":0.0},{"event_name":"Back to Basics","player_choice":"Simplicity","floor":21.0,"damage_taken":0.0},{"event_name":"Purifier","player_choice":"Skipped","floor":30.0,"damage_taken":0.0},{"event_name":"Tomb of Lord Red Mask","player_choice":"Ignored","floor":36.0,"damage_taken":0.0},{"event_name":"Match and Keep!","player_choice":"0 cards matched","floor":41,"damage_taken":0}],"boss_relics":[],"potions_floor_spawned":[1,5,7,10,18,20,22,24,28,31,33,35,38,42,44,46,47,48],"seed_played":"-7244240368608357477","ascension_level":0,"is_trial":false}