{"path_per_floor":["M","M","?","$","M","R","$","E","T","M","?","R","?","M","R","B",null,"M","M","M","M","M"],"character_chosen":"IRONCLAD","items_purchased":["Feel No Pain","Flash of Steel","Reaper"],"gold_per_floor":[119,136,311,65,79,79,4,37,37,53,53,53,128,143,143,238,238,256,270,287,301,312,312],"floor_reached":23,"campfire_rested":1,"playtime":1344,"current_hp_per_floor":[80,80,80,80,80,80,80,51,51,52,36,60,49,62,62,32,80,80,77,80,73,70,14],"items_purged":["Doubt"],"gold":312,"score":195,"play_id":"c94d8ef4-539a-4e0e-8e79-1547aab6dd9c","local_time":"20180415164647","is_prod":false,"is_daily":false,"chose_seed":false,"is_ascension_mode":false,"campfire_upgraded":2,"timestamp":1523803607,"path_taken":["M","M","?","$","M","R","$","E","T","M","?","R","?","?","R","BOSS","M","M","M","M","M","E"],"build_version":"2018-04-13","seed_source_timestamp":19504983771721,"purchased_purges":1,"victory":false,"master_deck":["Strike_R","Strike_R","Strike_R","Strike_R","Defend_R","Defend_R","Defend_R","Defend_R","Bash","Disarm","Pommel Strike","Thunderclap+1","Feel No Pain+1","Flash of Steel","Shrug It Off","Reaper","Whirlwind+1","Rage+1","Shrug It Off","Immolate","Flex","Carnage","Warcry"],"max_hp_per_floor":[80,80,80,80,80,80,80,80,80,80,80,80,80,80,80,80,80,80,80,80,80,80,80],"relics":["Burning Blood","Blue Candle","Ornamental Fan","White Beast Statue"],"card_choices":[{"not_picked":["Dropkick","Heavy Blade"],"picked":"Pommel Strike","floor":1.0},{"not_picked":["Sentinel","Headbutt"],"picked":"Thunderclap","floor":2.0},{"not_picked":["Iron Wave","Sword Boomerang"],"picked":"Shrug It Off","floor":5.0},{"not_picked":["Immolate","Cleave"],"picked":"Whirlwind","floor":8.0},{"not_picked":["Heavy Blade","Anger"],"picked":"Rage","floor":10.0},{"not_picked":["Pommel Strike","Fire Breathing"],"picked":"Shrug It Off","floor":14.0},{"not_picked":["Dark Embrace","Barricade"],"picked":"Immolate","floor":16.0},{"not_picked":["Pummel","Ghostly Armor"],"picked":"Flex","floor":18.0},{"not_picked":["Rupture","Anger"],"picked":"Carnage","floor":19.0},{"not_picked":["Armaments","Fiend Fire"],"picked":"Warcry","floor":20.0}],"player_experience":435736,"potions_floor_usage":[23,23],"damage_taken":[{"damage":4.0,"enemies":"2 Louse","floor":1.0,"turns":4.0},{"damage":5.0,"enemies":"Small Slimes","floor":2.0,"turns":4.0},{"damage":1.0,"enemies":"Jaw Worm","floor":5.0,"turns":3.0},{"damage":35.0,"enemies":"Lagavulin","floor":8.0,"turns":7.0},{"damage":5.0,"enemies":"Looter","floor":10.0,"turns":3.0},{"damage":1.0,"enemies":"2 Fungi Beasts","floor":14.0,"turns":2.0},{"damage":44.0,"enemies":"Slime Boss","floor":16.0,"turns":15.0},{"damage":5.0,"enemies":"3 Byrds","floor":18.0,"turns":5.0},{"damage":9.0,"enemies":"Chosen","floor":19.0,"turns":6.0},{"damage":0.0,"enemies":"3 Cultists","floor":20.0,"turns":4.0},{"damage":13.0,"enemies":"Snake Plant","floor":21.0,"turns":7.0},{"damage":12.0,"enemies":"Cultist and Chosen","floor":22.0,"turns":9.0},{"damage":71,"enemies":"Book of Stabbing","floor":23,"turns":7}],"event_choices":[{"event_name":"Liars Game","player_choice":"agreed","floor":3.0,"damage_taken":0.0},{"event_name":"Shining Light","player_choice":"Entered Light","floor":11.0,"damage_taken":0.0},{"event_name":"World of Goop","player_choice":"Gather Gold","floor":13.0,"damage_taken":0.0}],"boss_relics":[],"potions_floor_spawned":[1,10,14,18,19,20,21,22],"seed_played":"7396508750068459997","killed_by":"Book of Stabbing","ascension_level":0,"is_trial":false}