{"path_per_floor":["M","T","M","$","M","R","E","R","T","M","R","?","$","M","R","B",null,"M","M","?","M","M","R","M","R","T","M","E","R","T","$","R"],"character_chosen":"IRONCLAD","items_purchased":["Trip","Combust"],"gold_per_floor":[145,145,163,70,87,87,117,117,117,137,137,137,62,75,75,176,176,186,205,233,251,263,263,282,282,282,294,328,328,352,216,216,216],"floor_reached":33,"campfire_rested":1,"playtime":1868,"current_hp_per_floor":[80,80,80,80,80,80,70,70,70,75,75,75,75,80,80,56,80,80,71,57,61,56,56,60,60,60,52,54,54,54,54,78,26],"items_purged":["Strike_R","Strike_R"],"gold":216,"score":267,"play_id":"cbee7a14-6b66-464a-b693-23e4fd65a056","local_time":"20180412232438","is_prod":false,"is_daily":false,"chose_seed":false,"is_ascension_mode":false,"campfire_upgraded":7,"timestamp":1523568278,"path_taken":["M","?","M","$","?","R","E","R","T","M","R","?","?","M","R","BOSS","M","M","?","M","M","R","M","R","T","M","E","R","?","$","R","BOSS"],"build_version":"2018-04-11","seed_source_timestamp":21982318699249,"purchased_purges":4,"victory":false,"master_deck":["Strike_R","Strike_R","Strike_R","Defend_R","Defend_R","Defend_R","Defend_R","Bash","Clash+1","Second Wind","Trip+1","Body Slam+1","Thunderclap+1","Intimidate+1","Exhume","Iron Wave+1","Pommel Strike+1","Flex+1","Disarm","Whirlwind+1","Ghostly Armor","Parasite","Combust"],"max_hp_per_floor":[80,80,80,80,80,80,80,80,80,80,80,80,80,80,80,80,80,80,80,80,80,80,80,80,80,80,80,80,80,80,80,80,80],"relics":["Burning Blood","Tiny Chest","Question Card","Ginger","Torii","Cursed Key","Red Mask","Bottled Flame","Omamori","Anchor"],"card_choices":[{"not_picked":["Headbutt","Dual Wield"],"picked":"Clash","floor":1.0},{"not_picked":["Burning Pact","Shrug It Off","Sever Soul"],"picked":"Second Wind","floor":3.0},{"not_picked":["Heavy Blade","Shrug It Off","Twin Strike"],"picked":"Body Slam","floor":5.0},{"not_picked":["Perfected Strike","Heavy Blade","Havoc"],"picked":"Thunderclap","floor":7.0},{"not_picked":["Havoc","Perfected Strike","Shrug It Off"],"picked":"Intimidate","floor":14.0},{"not_picked":["Juggernaut","Double Tap","Fiend Fire"],"picked":"Exhume","floor":16.0},{"not_picked":["Flame Barrier","Clash","Heavy Blade"],"picked":"Iron Wave","floor":18.0},{"not_picked":["Uppercut","Warcry","Thunderclap"],"picked":"Pommel Strike","floor":19.0},{"not_picked":["Anger","Clothesline","Dual Wield"],"picked":"Flex","floor":20.0},{"not_picked":["Sever Soul","Shrug It Off","Fire Breathing"],"picked":"Disarm","floor":21.0},{"not_picked":["Warcry","Fire Breathing","Reckless Charge"],"picked":"Whirlwind","floor":22.0},{"not_picked":["Clothesline","Exhume","Flex"],"picked":"Ghostly Armor","floor":24.0}],"player_experience":428645,"potions_floor_usage":[33],"damage_taken":[{"damage":6.0,"enemies":"Cultist","floor":1.0,"turns":3.0},{"damage":0.0,"enemies":"2 Louse","floor":3.0,"turns":3.0},{"damage":6.0,"enemies":"Jaw Worm","floor":5.0,"turns":3.0},{"damage":16.0,"enemies":"Lagavulin","floor":7.0,"turns":4.0},{"damage":1.0,"enemies":"2 Fungi Beasts","floor":10.0,"turns":3.0},{"damage":0.0,"enemies":"Lots of Slimes","floor":14.0,"turns":2.0},{"damage":45.0,"enemies":"Slime Boss","floor":16.0,"turns":10.0},{"damage":6.0,"enemies":"3 Byrds","floor":18.0,"turns":7.0},{"damage":15.0,"enemies":"Spheric Guardian","floor":19.0,"turns":4.0},{"damage":20.0,"enemies":"Masked Bandits","floor":20.0,"turns":5.0},{"damage":2.0,"enemies":"Centurion and Healer","floor":21.0,"turns":5.0},{"damage":11.0,"enemies":"Snecko","floor":22.0,"turns":6.0},{"damage":2.0,"enemies":"Snake Plant","floor":24.0,"turns":3.0},{"damage":14.0,"enemies":"Sentry and Sphere","floor":27.0,"turns":4.0},{"damage":4.0,"enemies":"Gremlin Leader","floor":28.0,"turns":6.0},{"damage":67,"enemies":"Champ","floor":33,"turns":10}],"event_choices":[{"event_name":"Upgrade Shrine","player_choice":"Upgraded","floor":12.0,"damage_taken":0.0},{"event_name":"Masked Bandits","player_choice":"Fought over 205 gold","floor":20.0,"damage_taken":0.0}],"boss_relics":[],"potions_floor_spawned":[3,5,10,14,20,22,27,28],"seed_played":"9195500409635106380","killed_by":"Champ","ascension_level":0,"is_trial":false}