{"path_per_floor":["M","?","?","M","M","R","T","?","T","M","R","E","R","E","R","B",null,"M","$","M","?","M","E","R","E","T","R","M","$","R","M","R","B",null,"M","?","M","M","M","R","E","R","T","?","?","M","M","M","R","B"],"character_chosen":"THE_SILENT","items_purchased":["Dead Branch","Jack Of All Trades","Flying Knee","Ancient Tea Set","Energy Potion","Noxious Fumes"],"gold_per_floor":[219,219,219,236,256,256,281,456,456,473,473,500,500,533,533,638,638,654,1,11,11,24,51,51,78,153,153,169,134,134,152,152,257,257,276,276,286,297,312,312,340,340,640,692,792,807,821,834,834,834],"floor_reached":51,"campfire_rested":8,"playtime":5490,"current_hp_per_floor":[70,70,70,70,70,70,70,70,70,64,64,46,67,27,48,12,70,66,66,66,66,65,22,43,31,31,52,52,52,70,67,67,32,70,46,46,46,46,28,49,47,68,68,30,30,26,30,23,44,35],"items_purged":[],"gold":834,"play_id":"56cdcfda-c4ae-4c61-b9d5-24b46324af07","is_prod":false,"is_daily":false,"campfire_rituals":0,"campfire_upgraded":3,"is_hardmode":false,"path_taken":["M","?","?","M","M","R","?","?","T","M","R","E","R","E","R","BOSS","M","$","?","?","M","E","R","E","T","R","M","$","R","M","R","BOSS","M","?","M","M","M","R","E","R","T","?","?","M","M","?","R","BOSS"],"build_version":"2018-01-11-PROD2","purchased_purges":0,"victory":true,"master_deck":["Defend_G","Defend_G","Defend_G","Strike_G","Strike_G","Strike_G","Strike_G","Strike_G","Survivor","Neutralize","Endless Agony","Corpse Explosion","Skewer","Infinite Blades","Doubt","Deadly Poison","Backflip","A Thousand Cuts","Adrenaline","Terror","Jack Of All Trades","Flying Knee","Quick Slash","Prepared","Dagger Spray","Distraction","Writhe","Backstab","Noxious Fumes","After Image","After Image","Regret","Noxious Fumes","Outmaneuver","Outmaneuver","Deadly Poison","Flechettes","Writhe","Prepared","Deflect","Blade Dance","Deadly Poison"],"max_hp_per_floor":[70,70,70,70,70,70,70,70,70,70,70,70,70,70,70,70,70,70,70,70,70,70,70,70,70,70,70,70,70,70,70,70,70,70,70,70,70,70,70,70,70,70,70,70,70,70,70,70,70,70],"relics":["Ring of the Snake","Oddly Smooth Stone","Vajra","Anchor","Bottled Lightning","Cursed Key","Dead Branch","Ancient Tea Set","Bronze Scales","Molten Egg","Mercury Hourglass","Lizard Tail","Lantern","Old Coin","Calipers"],"campfire_meditates":0,"card_choices":[{"not_picked":["Masterful Stab","Quick Slash"],"picked":"Endless Agony"},{"not_picked":["Unload","Dodge and Roll"],"picked":"Skewer"},{"not_picked":["Flying Knee","Acrobatics"],"picked":"Infinite Blades"},{"not_picked":["Prepared","Outmaneuver"],"picked":"Deadly Poison"},{"not_picked":["Masterful Stab","Well Laid Plans"],"picked":"Backflip"},{"not_picked":["Dagger Spray","Slice"],"picked":"A Thousand Cuts"},{"not_picked":["Die Die Die","Burst"],"picked":"Adrenaline"},{"not_picked":["Slice","Sucker Punch"],"picked":"Terror"},{"not_picked":["Slice","Dagger Throw"],"picked":"Quick Slash"},{"not_picked":["Poisoned Stab","Deadly Poison"],"picked":"Prepared"},{"not_picked":["Quick Slash","Sucker Punch"],"picked":"Dagger Spray"},{"not_picked":["Dash","Dagger Throw"],"picked":"Distraction"},{"not_picked":["Deflect","PiercingWail"],"picked":"Backstab"},{"not_picked":["Predator","Acrobatics"],"picked":"After Image"},{"not_picked":["Doppelganger","Night Terror"],"picked":"After Image"},{"not_picked":["Escape Plan","Flechettes"],"picked":"Noxious Fumes"},{"not_picked":["Malaise","Deadly Poison"],"picked":"Outmaneuver"},{"not_picked":["Acrobatics","Riddle With Holes"],"picked":"Outmaneuver"},{"not_picked":["Dodge and Roll","Slice"],"picked":"Deadly Poison"},{"not_picked":["Acrobatics","Skewer"],"picked":"Flechettes"},{"not_picked":["Acrobatics","After Image"],"picked":"Prepared"},{"not_picked":["Quick Slash","Riddle With Holes"],"picked":"Deflect"},{"not_picked":["Distraction","Calculated Gamble"],"picked":"Blade Dance"},{"not_picked":["Backflip","Dodge and Roll"],"picked":"Deadly Poison"}],"player_experience":72261,"potions_floor_usage":[16,16,23,33,39,41,41,44,47,47,50,50],"damage_taken":[{"damage":0,"enemies":"Small Slimes","floor":1,"turns":3},{"damage":0,"enemies":"2 Louse","floor":4,"turns":3},{"damage":0,"enemies":"Jaw Worm","floor":5,"turns":3},{"damage":6,"enemies":"Lots of Slimes","floor":10,"turns":4},{"damage":18,"enemies":"Gremlin Nob","floor":12,"turns":4},{"damage":40,"enemies":"Lagavulin","floor":14,"turns":9},{"damage":36,"enemies":"The Guardian","floor":16,"turns":12},{"damage":4,"enemies":"2 Thieves","floor":18,"turns":4},{"damage":0,"enemies":"Shell Parasite","floor":20,"turns":3},{"damage":1,"enemies":"Centurion and Healer","floor":22,"turns":4},{"damage":46,"enemies":"Gremlin Leader","floor":23,"turns":6},{"damage":12,"enemies":"Slavers","floor":25,"turns":4},{"damage":0,"enemies":"Chosen and Byrds","floor":28,"turns":4},{"damage":3,"enemies":"Snecko","floor":31,"turns":3},{"damage":35,"enemies":"Automaton","floor":33,"turns":8},{"damage":24,"enemies":"3 Darklings","floor":35,"turns":5},{"damage":0,"enemies":"3 Shapes","floor":37,"turns":6},{"damage":0,"enemies":"3 Darklings","floor":38,"turns":4},{"damage":18,"enemies":"4 Shapes","floor":39,"turns":4},{"damage":2,"enemies":"Giant Head","floor":41,"turns":5},{"damage":38,"enemies":"Mysterious Sphere","floor":44,"turns":4},{"damage":4,"enemies":"Sphere and 2 Shapes","floor":46,"turns":6},{"damage":2,"enemies":"3 Darklings","floor":47,"turns":3},{"damage":7,"enemies":"Maw","floor":48,"turns":6},{"damage":53,"enemies":"Donu and Deca","floor":50,"turns":8}],"event_choices":[{"event_name":"The Cleric","player_choice":"Leave","floor":2,"damage_taken":0},{"event_name":"Transmorgrifier","player_choice":"Transform","floor":3,"damage_taken":0},{"event_name":"Liars Game","player_choice":"agreed","floor":8,"damage_taken":0},{"event_name":"Beggar","player_choice":"Ignored","floor":21,"damage_taken":0},{"event_name":"Mysterious Sphere","player_choice":"Fight","floor":44,"damage_taken":0},{"event_name":"Golden Shrine","player_choice":"Pray","floor":45,"damage_taken":0}],"boss_relics":[{"not_picked":["Eternal Feather","Question Card"],"picked":"Cursed Key"},{"not_picked":["Black Star","Snecko Eye"],"picked":"Lizard Tail"}],"potions_floor_spawned":[1,12,18,25,28,31,33,39,44,46,48],"seed_played":"5493338249047207992","is_trial":false}