{"path_per_floor":["M","?","M","M","?","E","R","$","T","E","M","M","?","T","R","B",null,"M","?","M","?","$","R","E","M","T","M","T","R","?","E","R"],"character_chosen":"THE_SILENT","items_purchased":["Footwork","Distraction","Tough Bandages","Fire Potion"],"gold_per_floor":[112,112,122,141,141,176,176,25,52,90,105,128,128,128,128,257,257,276,276,299,299,37,37,71,85,85,105,131,131,131,162,162],"floor_reached":33,"campfire_rested":4,"playtime":2547,"current_hp_per_floor":[70,70,63,63,46,33,54,54,54,32,32,28,28,28,49,15,70,70,49,46,46,46,46,34,35,35,31,36,49,49,20,34],"items_purged":["Regret"],"gold":162,"play_id":"b393ee56-3ed4-4b18-a0dd-5fe902453464","is_prod":false,"is_daily":false,"campfire_rituals":0,"campfire_upgraded":1,"is_hardmode":false,"path_taken":["M","?","?","M","?","E","R","$","T","E","M","?","?","?","R","BOSS","M","?","?","?","$","R","E","M","T","?","?","R","?","E","R","BOSS"],"build_version":"2018-01-11-PROD2","purchased_purges":1,"victory":false,"master_deck":["Survivor","Neutralize","Caltrops","Catalyst","Quick Slash","Night Terror","Adrenaline","Footwork","Backflip","Dash","Acrobatics","Mind Blast","A Thousand Cuts","Dash","Dagger Spray","Dodge and Roll","Bouncing Flask","Flying Knee","Reflex","Dodge and Roll","Skewer","Terror","Reflex","Crippling Poison","Bite_G","Bite_G","Bite_G","Bite_G","Bite_G","Distraction","Poisoned Stab","Writhe","Finisher"],"max_hp_per_floor":[70,70,70,70,70,70,70,70,70,70,70,70,70,70,70,70,70,70,49,49,49,49,49,49,49,49,49,49,49,49,49,49],"relics":["Ring of the Snake","Letter Opener","Bloody Idol","Gremlin Horn","Lantern","Happy Flower","The Courier","Pandora\u0027s Box","Tough Bandages","Ginger","Blood Vial","Bag of Preparation","Torii","Sundial"],"campfire_meditates":0,"card_choices":[{"not_picked":["Dagger Spray","Masterful Stab"],"picked":"Caltrops"},{"not_picked":["Bane","Flying Knee"],"picked":"Catalyst"},{"not_picked":["Bane","Eviscerate"],"picked":"Quick Slash"},{"not_picked":["Quick Slash","Cloak And Dagger"],"picked":"Night Terror"},{"not_picked":["Quick Slash","Storm of Steel"],"picked":"Adrenaline"},{"not_picked":["Riddle With Holes","Skewer"],"picked":"Backflip"},{"not_picked":["Backflip","Accuracy"],"picked":"Dash"},{"not_picked":["Phantasmal Killer","Doppelganger"],"picked":"A Thousand Cuts"},{"not_picked":["Prepared","Dagger Spray"],"picked":"Crippling Poison"},{"not_picked":["Corpse Explosion","Quick Slash"],"picked":"Poisoned Stab"},{"not_picked":["Well Laid Plans","Glass Knife"],"picked":"Finisher"}],"player_experience":111747,"potions_floor_usage":[6,10,16,20,25,27,31],"damage_taken":[{"damage":0,"enemies":"Small Slimes","floor":1,"turns":5},{"damage":7,"enemies":"Jaw Worm","floor":3,"turns":7},{"damage":0,"enemies":"2 Louse","floor":4,"turns":4},{"damage":28,"enemies":"Lagavulin","floor":6,"turns":11},{"damage":22,"enemies":"Gremlin Nob","floor":10,"turns":4},{"damage":0,"enemies":"Lots of Slimes","floor":11,"turns":3},{"damage":4,"enemies":"Large Slime","floor":12,"turns":6},{"damage":34,"enemies":"Hexaghost","floor":16,"turns":11},{"damage":0,"enemies":"3 Byrds","floor":18,"turns":4},{"damage":7,"enemies":"2 Thieves","floor":20,"turns":2},{"damage":25,"enemies":"Book of Stabbing","floor":24,"turns":6},{"damage":12,"enemies":"Centurion and Healer","floor":25,"turns":4},{"damage":21,"enemies":"3 Cultists","floor":27,"turns":4},{"damage":43,"enemies":"Gremlin Leader","floor":31,"turns":9},{"damage":60,"enemies":"Collector","floor":33,"turns":8}],"event_choices":[{"event_name":"Big Fish","player_choice":"Box","floor":2,"damage_taken":0},{"event_name":"Golden Idol","player_choice":"Take Damage","floor":5,"damage_taken":0},{"event_name":"Match and Keep!","player_choice":"2 cards matched","floor":13,"damage_taken":0},{"event_name":"Vampires","player_choice":"Became a vampire","floor":19,"damage_taken":0},{"event_name":"Forgotten Altar","player_choice":"Gave Idol","floor":21,"damage_taken":0},{"event_name":"The Mausoleum","player_choice":"Yes","floor":30,"damage_taken":0}],"boss_relics":[{"not_picked":["Velvet Choker","Sozu"],"picked":"Pandora\u0027s Box"}],"potions_floor_spawned":[1,6,11,16,20,25,27,31],"seed_played":"3354336609393668416","killed_by":"Collector","is_trial":false}