{"path_per_floor":["M","?","?","?","M","E","M","M","T","M","M","R","M","M","R","B",null,"M","$","?","M","?","E","M","R","T","M","$","E","$","M","R","B",null,"M","?","?","T","M","$","R","E","T","M","E","R","M","M","R","B"],"character_chosen":"THE_SILENT","items_purchased":["Paper Crane","Bandage Up"],"gold_per_floor":[110,110,110,110,123,152,168,181,206,224,235,235,255,271,271,366,366,366,32,32,32,32,32,32,32,32,32,32,32,32,32,32,32,32,32,32,32,32,32,32,32,32,32,32,32,32,32,32,32,32],"floor_reached":51,"campfire_rested":5,"playtime":3630,"current_hp_per_floor":[70,70,28,28,28,9,9,6,6,6,6,27,27,25,25,13,70,65,65,65,52,43,36,28,50,50,35,35,8,8,9,31,18,75,58,48,27,27,31,31,43,8,8,4,5,41,28,17,53,17],"items_purged":[],"gold":32,"play_id":"74def80b-a31a-4b80-abab-ac5f76c2eedf","is_prod":false,"is_daily":false,"campfire_rituals":0,"campfire_upgraded":1,"is_hardmode":false,"path_taken":["M","?","?","?","M","E","M","M","T","M","?","R","M","M","R","BOSS","M","$","?","?","?","E","M","R","T","M","$","E","?","M","R","BOSS","M","?","?","?","?","?","R","E","T","M","E","R","M","M","R","BOSS"],"build_version":"2018-01-11-PROD2","purchased_purges":0,"victory":true,"master_deck":["Defend_G","Defend_G","Defend_G","Defend_G","Defend_G","Strike_G","Strike_G","Strike_G","Strike_G","Strike_G","Survivor","Neutralize","Caltrops","Flying Knee","Infinite Blades","Dodge and Roll","Bouncing Flask","Finisher","Dash","After Image","Phantasmal Killer","Noxious Fumes","Bandage Up","Dodge and Roll","Outmaneuver","Caltrops","Riddle With Holes","Envenom","Backflip","Night Terror","Madness","Madness","Dash","Prepared","Endless Agony","Acrobatics","Cloak And Dagger","Bouncing Flask","Accuracy"],"max_hp_per_floor":[70,70,70,70,70,70,70,70,70,70,70,70,70,70,70,70,70,70,70,70,70,75,75,75,75,75,75,75,75,75,75,75,75,75,75,75,75,75,75,75,75,75,75,75,75,75,75,75,75,75],"relics":["Ring of the Snake","Bronze Scales","Pantograph","Molten Egg","Omamori","Ectoplasm","Paper Crane","Prayer Wheel","Frozen Eye","Tough Bandages","Eternal Feather","Girya","Anchor","Centennial Puzzle","Vajra","Gambling Chip"],"campfire_meditates":0,"card_choices":[{"not_picked":["Backflip","Dash"],"picked":"Caltrops"},{"not_picked":["Dodge and Roll","Blade Dance"],"picked":"Flying Knee"},{"not_picked":["Deflect","Poisoned Stab"],"picked":"Infinite Blades"},{"not_picked":["PiercingWail","Bane"],"picked":"Dodge and Roll"},{"not_picked":["Distraction","All Out Attack"],"picked":"Bouncing Flask"},{"not_picked":["Dodge and Roll","Deflect"],"picked":"Finisher"},{"not_picked":["Riddle With Holes","Sucker Punch"],"picked":"Dash"},{"not_picked":["Dagger Throw","Blade Dance"],"picked":"After Image"},{"not_picked":["Tactician","Unload"],"picked":"Phantasmal Killer"},{"not_picked":["Blade Dance","Finisher"],"picked":"Noxious Fumes"},{"not_picked":["Flying Knee","Acrobatics"],"picked":"Dodge and Roll"},{"not_picked":["Underhanded Strike","Dodge and Roll"],"picked":"Outmaneuver"},{"not_picked":["Leg Sweep","Terror"],"picked":"Caltrops"},{"not_picked":["Dagger Throw","Masterful Stab"],"picked":"Riddle With Holes"},{"not_picked":["Catalyst","Dagger Spray"],"picked":"Envenom"},{"not_picked":["Dagger Throw","Underhanded Strike"],"picked":"Backflip"},{"not_picked":["Corpse Explosion","Storm of Steel"],"picked":"Night Terror"},{"not_picked":["Quick Slash","Outmaneuver"],"picked":"Dash"},{"not_picked":["Bane","Dagger Throw"],"picked":"Prepared"},{"not_picked":["Flechettes","PiercingWail"],"picked":"Endless Agony"},{"not_picked":["Malaise","Quick Slash"],"picked":"Acrobatics"},{"not_picked":["Doppelganger","Deadly Poison"],"picked":"Cloak And Dagger"},{"not_picked":["Quick Slash","Sucker Punch"],"picked":"Bouncing Flask"},{"not_picked":["Blade Dance","Acrobatics"],"picked":"Accuracy"}],"player_experience":116456,"potions_floor_usage":[6,11,13,14,16,27,29,37,42,45,45,48,50],"damage_taken":[{"damage":0,"enemies":"Small Slimes","floor":1,"turns":3},{"damage":0,"enemies":"Blue Slaver","floor":5,"turns":4},{"damage":19,"enemies":"Lagavulin","floor":6,"turns":7},{"damage":0,"enemies":"2 Louse","floor":7,"turns":3},{"damage":3,"enemies":"2 Fungi Beasts","floor":8,"turns":4},{"damage":0,"enemies":"Red Slaver","floor":10,"turns":4},{"damage":0,"enemies":"Looter","floor":11,"turns":3},{"damage":0,"enemies":"Gremlin Gang","floor":13,"turns":4},{"damage":2,"enemies":"Red Slaver","floor":14,"turns":3},{"damage":37,"enemies":"The Guardian","floor":16,"turns":9},{"damage":5,"enemies":"Chosen","floor":18,"turns":5},{"damage":17,"enemies":"3 Byrds","floor":21,"turns":3},{"damage":11,"enemies":"Gremlin Leader","floor":23,"turns":6},{"damage":12,"enemies":"3 Cultists","floor":24,"turns":5},{"damage":19,"enemies":"Sentry and Sphere","floor":27,"turns":5},{"damage":31,"enemies":"Slavers","floor":29,"turns":5},{"damage":3,"enemies":"Chosen and Byrds","floor":31,"turns":6},{"damage":42,"enemies":"Automaton","floor":33,"turns":11},{"damage":17,"enemies":"3 Darklings","floor":35,"turns":5},{"damage":25,"enemies":"Mysterious Sphere","floor":37,"turns":7},{"damage":0,"enemies":"3 Shapes","floor":39,"turns":7},{"damage":51,"enemies":"2 Orb Walkers","floor":42,"turns":6},{"damage":8,"enemies":"Sphere and 2 Shapes","floor":44,"turns":5},{"damage":3,"enemies":"Giant Head","floor":45,"turns":4},{"damage":13,"enemies":"4 Shapes","floor":47,"turns":5},{"damage":15,"enemies":"Maw","floor":48,"turns":6},{"damage":62,"enemies":"Donu and Deca","floor":50,"turns":10}],"event_choices":[{"event_name":"Upgrade Shrine","player_choice":"Upgraded","floor":2,"damage_taken":0},{"event_name":"Scrap Ooze","player_choice":"success","floor":3,"damage_taken":42},{"event_name":"Wheel of Change","player_choice":"Relic","floor":4,"damage_taken":0},{"event_name":"Upgrade Shrine","player_choice":"Upgraded","floor":20,"damage_taken":0},{"event_name":"Forgotten Altar","player_choice":"Shed Blood","floor":22,"damage_taken":0},{"event_name":"Winding Halls","player_choice":"Embrace Madness","floor":36,"damage_taken":0},{"event_name":"Mysterious Sphere","player_choice":"Fight","floor":37,"damage_taken":0}],"boss_relics":[{"not_picked":["Philosopher\u0027s Stone","Lizard Tail"],"picked":"Ectoplasm"},{"not_picked":["Runic Pyramid","Velvet Choker"],"picked":"Eternal Feather"}],"potions_floor_spawned":[1,7,8,13,14,24,27,31,33,35,39,44,47],"seed_played":"-1664496698091464872","is_trial":false}