{"path_per_floor":["M","M","?","?","M","R","$","R","T","E","?","T","$","M","R","B",null,"M","M","M","?","M","R","M","E","T","E","?","R","E"],"character_chosen":"THE_SILENT","items_purchased":["Poisoned Stab"],"gold_per_floor":[99,99,99,71,71,71,23,23,23,23,23,23,23,23,23,23,23,23,0,0,0,0,0,0,0,0,0,0,0,0],"floor_reached":31,"campfire_rested":2,"playtime":2342,"current_hp_per_floor":[62,62,62,62,59,59,59,59,59,48,18,18,18,18,39,9,70,62,50,60,60,49,49,42,25,25,11,11,32,1],"items_purged":[],"gold":0,"play_id":"0c4859cb-2aa5-48a0-bbbf-ea8c27bf2de2","is_prod":false,"is_daily":false,"is_ascension_mode":true,"campfire_upgraded":3,"path_taken":["M","M","?","?","M","R","$","R","T","E","?","?","?","?","R","BOSS","M","M","M","?","M","R","M","E","T","E","?","R","E","M"],"build_version":"2018-01-25-PROD3","purchased_purges":0,"victory":false,"master_deck":["Survivor","Neutralize","Acrobatics+1","Noxious Fumes+1","Poisoned Stab","Poisoned Stab","Leg Sweep","Escape Plan","Predator","After Image","Well Laid Plans","Heel Hook","Backflip","Poisoned Stab","Well Laid Plans","Caltrops","PiercingWail","Bane","Infinite Blades","Deflect","Dash","Deflect+1","Cloak And Dagger","A Thousand Cuts+1","Cloak And Dagger","Caltrops","Blur","Footwork","Dash+1"],"max_hp_per_floor":[70,70,70,70,70,70,70,70,70,70,70,70,70,70,70,70,70,70,70,70,70,70,70,70,70,70,70,70,70,70],"relics":["Ectoplasm","Orichalcum","Anchor","Odd Mushroom","Dodecahedron","Pandora\u0027s Box","Bottled Flame","Prayer Wheel","Smiling Mask","Dead Branch"],"card_choices":[{"not_picked":["Calculated Gamble","Dagger Spray"],"picked":"Acrobatics"},{"not_picked":["Flechettes","Poisoned Stab"],"picked":"Noxious Fumes"},{"not_picked":["Bane","Outmaneuver"],"picked":"Poisoned Stab"},{"not_picked":["Underhanded Strike","Concentrate"],"picked":"Leg Sweep"},{"not_picked":["Eviscerate","Outmaneuver"],"picked":"Escape Plan"},{"not_picked":["Underhanded Strike","Dagger Throw"],"picked":"Predator"},{"not_picked":["Night Terror","Grand Finale"],"picked":"After Image"},{"not_picked":["Bane","Underhanded Strike"],"picked":"Dash"},{"not_picked":["Setup","Sucker Punch"],"picked":"Deflect"},{"not_picked":["Malaise","Dagger Spray"],"picked":"Cloak And Dagger"},{"not_picked":["Catalyst","Acrobatics"],"picked":"Cloak And Dagger"},{"not_picked":["Outmaneuver","Dagger Throw"],"picked":"Caltrops"},{"not_picked":["Sucker Punch","Dodge and Roll"],"picked":"Blur"},{"not_picked":["Well Laid Plans","Dagger Throw"],"picked":"Footwork"},{"not_picked":["Outmaneuver","Choke"],"picked":"Dash"}],"player_experience":161478,"potions_floor_usage":[10,20,24,30,31],"damage_taken":[{"damage":8,"enemies":"Small Slimes","floor":1,"turns":5},{"damage":0,"enemies":"Cultist","floor":2,"turns":4},{"damage":3,"enemies":"Jaw Worm","floor":5,"turns":4},{"damage":11,"enemies":"Lagavulin","floor":10,"turns":7},{"damage":30,"enemies":"The Mushroom Lair","floor":11,"turns":5},{"damage":0,"enemies":"Exordium Wildlife","floor":14,"turns":5},{"damage":30,"enemies":"Slime Boss","floor":16,"turns":8},{"damage":8,"enemies":"Chosen","floor":18,"turns":5},{"damage":12,"enemies":"2 Thieves","floor":19,"turns":4},{"damage":5,"enemies":"Slaver and Parasite","floor":20,"turns":6},{"damage":11,"enemies":"Snake Plant","floor":22,"turns":5},{"damage":7,"enemies":"Snecko","floor":24,"turns":5},{"damage":17,"enemies":"Slavers","floor":25,"turns":5},{"damage":14,"enemies":"Book of Stabbing","floor":27,"turns":6},{"damage":31,"enemies":"Gremlin Leader","floor":30,"turns":8},{"damage":3,"enemies":"Slaver and Parasite","floor":31,"turns":3}],"event_choices":[{"event_name":"Golden Idol","player_choice":"Ignored","floor":3,"damage_taken":0},{"event_name":"World of Goop","player_choice":"Left","floor":4,"damage_taken":0},{"event_name":"Mushrooms","player_choice":"Fought Mushrooms","floor":11,"damage_taken":0},{"event_name":"The Library","player_choice":"Read","floor":21,"damage_taken":0},{"event_name":"Drug Dealer","player_choice":"Ignored","floor":28,"damage_taken":0}],"boss_relics":[{"not_picked":["Astrolabe","Velvet Choker"],"picked":"Pandora\u0027s Box"}],"potions_floor_spawned":[1,18,19,25,30],"seed_played":"1015854434633457689","killed_by":"Slaver and Parasite","ascension_level":2,"is_trial":false}