{"path_per_floor":["M","M","?","M","?","R","M","R","T","R","$","M","M","M","R","B",null,"M","$","M"],"character_chosen":"THE_SILENT","items_purchased":["Bouncing Flask","Unload","Footwork"],"gold_per_floor":[116,133,133,151,151,151,168,168,168,168,23,37,47,65,65,161,161,181,147,165],"floor_reached":21,"campfire_rested":1,"playtime":1240,"current_hp_per_floor":[70,70,70,70,70,70,62,62,62,62,62,61,46,38,59,37,70,56,56,38],"items_purged":[],"gold":165,"play_id":"e432ac4a-ccc7-4550-803a-41e6e0fcafd3","is_prod":false,"is_daily":false,"is_ascension_mode":false,"campfire_upgraded":3,"path_taken":["M","M","?","M","?","R","M","R","T","R","?","M","?","M","R","BOSS","M","$","M","?"],"build_version":"2018-01-25-PROD3","purchased_purges":0,"victory":false,"master_deck":["Defend_G","Defend_G","Defend_G","Defend_G","Defend_G","Strike_G","Strike_G","Strike_G","Strike_G","Strike_G","Survivor","Neutralize+1","Corpse Explosion","Riddle With Holes+1","Poisoned Stab+1","Deflect","Riddle With Holes","Bouncing Flask","Unload","Backflip","Noxious Fumes","Outmaneuver","Burst","Deadly Poison","Footwork","Catalyst"],"max_hp_per_floor":[70,70,70,70,70,70,70,70,70,70,70,70,70,70,70,70,70,70,70,70],"relics":["Ring of the Snake","Tingsha","Cursed Key"],"card_choices":[{"not_picked":["Prepared","Predator"],"picked":"Riddle With Holes"},{"not_picked":["Flechettes","Dodge and Roll"],"picked":"Poisoned Stab"},{"not_picked":["PiercingWail","Outmaneuver"],"picked":"Deflect"},{"not_picked":["Quick Slash","Wraith Form"],"picked":"Riddle With Holes"},{"not_picked":["Quick Slash","Flying Knee"],"picked":"Backflip"},{"not_picked":["Blade Dance","Endless Agony"],"picked":"Noxious Fumes"},{"not_picked":["Dodge and Roll","Poisoned Stab"],"picked":"Outmaneuver"},{"not_picked":["Night Terror","Unload"],"picked":"Burst"},{"not_picked":["Prepared","Acrobatics"],"picked":"Deadly Poison"},{"not_picked":["Slice","Sucker Punch"],"picked":"Catalyst"}],"player_experience":33854,"potions_floor_usage":[12,14,16],"damage_taken":[{"damage":0,"enemies":"Cultist","floor":1,"turns":5},{"damage":0,"enemies":"Jaw Worm","floor":2,"turns":6},{"damage":0,"enemies":"Small Slimes","floor":4,"turns":3},{"damage":8,"enemies":"Red Slaver","floor":7,"turns":4},{"damage":1,"enemies":"Exordium Wildlife","floor":12,"turns":4},{"damage":15,"enemies":"Exordium Thugs","floor":13,"turns":7},{"damage":8,"enemies":"Gremlin Gang","floor":14,"turns":5},{"damage":37,"enemies":"The Guardian","floor":16,"turns":8},{"damage":14,"enemies":"2 Thieves","floor":18,"turns":5},{"damage":18,"enemies":"Shell Parasite","floor":20,"turns":5},{"damage":39,"enemies":"3 Cultists","floor":21,"turns":4}],"event_choices":[{"event_name":"The Cleric","player_choice":"Leave","floor":3,"damage_taken":0},{"event_name":"Golden Wing","player_choice":"Ignored","floor":5,"damage_taken":0}],"boss_relics":[{"not_picked":["Ectoplasm","Black Star"],"picked":"Cursed Key"}],"potions_floor_spawned":[4,7,12],"seed_played":"-8035504254436751259","killed_by":"3 Cultists","ascension_level":0,"is_trial":false}