{"path_per_floor":["M","M","$","M","?","R","?","R","T","R","E","M","T","M","R","B",null,"M","?","$","M","$","R","E","R","T","M","M","$","?"],"character_chosen":"THE_SILENT","items_purchased":["Dash","Footwork","Footwork"],"gold_per_floor":[116,126,15,34,34,34,34,34,57,57,88,102,102,114,114,192,192,202,202,102,117,47,47,81,81,108,128,143,103,103],"floor_reached":31,"campfire_rested":0,"playtime":1176,"current_hp_per_floor":[63,45,45,53,53,59,59,65,65,67,53,55,55,48,54,40,60,62,46,46,43,43,51,21,29,29,11,10,10,10],"items_purged":["Parasite","Defend_G"],"gold":103,"score":417,"play_id":"b48214a4-f05b-491e-927d-3dd63cd2106a","is_prod":false,"is_daily":false,"is_ascension_mode":true,"campfire_upgraded":6,"path_taken":["M","M","$","M","?","R","?","R","T","R","E","M","?","?","R","BOSS","M","?","?","M","$","R","E","R","T","?","M","$","?","?"],"build_version":"2018-02-15-PROD1","purchased_purges":2,"victory":false,"master_deck":["Defend_G","Defend_G","Defend_G+1","Defend_G","Strike_G","Strike_G","Strike_G","Strike_G","Survivor+1","Neutralize+1","Heel Hook","Dagger Spray+1","Dash+1","Caltrops+1","Finisher","Backflip","Concentrate+1","Slice","Die Die Die","Expertise+1","Footwork+1","Noxious Fumes+1","Footwork"],"max_hp_per_floor":[70,70,67,67,67,67,67,67,67,67,67,67,67,67,67,67,67,67,67,67,67,67,67,67,67,67,67,67,67,67],"relics":["Eternal Feather","Bag of Preparation","Blood Vial","War Paint","Sozu","Nilry\u0027s Codex","Prayer Wheel","Dream Catcher"],"card_choices":[{"not_picked":["Terror","Accuracy"],"picked":"Heel Hook"},{"not_picked":["Dagger Throw","Prepared"],"picked":"Dagger Spray"},{"not_picked":["Phantasmal Killer","Deadly Poison"],"picked":"Caltrops"},{"not_picked":["Flying Knee","Caltrops"],"picked":"Backflip"},{"not_picked":["Dodge and Roll","Prepared"],"picked":"Concentrate"},{"not_picked":["PiercingWail","Dagger Spray"],"picked":"Slice"},{"not_picked":["Wraith Form","Tools of the Trade"],"picked":"Die Die Die"},{"not_picked":["Well Laid Plans","Cloak And Dagger"],"picked":"Expertise"},{"not_picked":["Slice","Tactician"],"picked":"Noxious Fumes"}],"player_experience":372792,"potions_floor_usage":[4],"damage_taken":[{"damage":0,"enemies":"Jaw Worm","floor":1,"turns":5},{"damage":18,"enemies":"Cultist","floor":2,"turns":6},{"damage":1,"enemies":"Small Slimes","floor":4,"turns":5},{"damage":14,"enemies":"Lagavulin","floor":11,"turns":9},{"damage":0,"enemies":"Blue Slaver","floor":12,"turns":3},{"damage":9,"enemies":"3 Louse","floor":14,"turns":2},{"damage":16,"enemies":"The Guardian","floor":16,"turns":13},{"damage":0,"enemies":"3 Byrds","floor":18,"turns":2},{"damage":5,"enemies":"Spheric Guardian","floor":21,"turns":4},{"damage":32,"enemies":"Book of Stabbing","floor":24,"turns":7},{"damage":20,"enemies":"Cultist and Chosen","floor":27,"turns":6},{"damage":3,"enemies":"Snake Plant","floor":28,"turns":5},{"damage":17,"enemies":"Centurion and Healer","floor":31,"turns":3}],"event_choices":[{"event_name":"Upgrade Shrine","player_choice":"Upgraded","floor":5,"damage_taken":0},{"event_name":"Living Wall","player_choice":"Change","floor":7,"damage_taken":0},{"event_name":"Cursed Tome","player_choice":"Obtained Book","floor":19,"damage_taken":0},{"event_name":"Drug Dealer","player_choice":"Ignored","floor":30,"damage_taken":0}],"boss_relics":[{"not_picked":["Tiny House","Philosopher\u0027s Stone"],"picked":"Sozu"}],"potions_floor_spawned":[1,2,14,16,21,27],"seed_played":"-5682901596317867041","killed_by":"Centurion and Healer","ascension_level":13,"is_trial":false}