{"path_per_floor":["M","M","M","?","M","R","E","R","T","$","?","E","M","?","R","B",null,"M","$","?","?","?","R"],"character_chosen":"THE_SILENT","items_purchased":["Bouncing Flask","Noxious Fumes","Apotheosis"],"gold_per_floor":[118,134,151,151,121,121,147,147,195,87,164,194,204,229,229,328,328,341,61,61,61,61,61],"floor_reached":24,"campfire_rested":3,"playtime":1249,"current_hp_per_floor":[70,70,69,62,62,62,38,59,59,59,59,37,37,27,48,43,70,62,62,46,46,46,67],"items_purged":["Strike_G"],"gold":61,"play_id":"a94f39b1-e820-4ffa-9a39-3570cfa0f262","is_prod":false,"is_daily":false,"is_ascension_mode":false,"campfire_upgraded":1,"path_taken":["M","M","M","?","M","R","E","R","T","$","?","E","M","?","R","BOSS","M","$","?","?","?","R","E"],"build_version":"2018-02-01-PROD3","purchased_purges":2,"victory":false,"master_deck":["Defend_G+1","Defend_G","Defend_G","Defend_G","Defend_G","Strike_G","Strike_G","Strike_G","Strike_G+1","Survivor","Neutralize+1","Caltrops","Acrobatics","Backstab","Outmaneuver+1","Bouncing Flask+1","Poisoned Stab","Bouncing Flask","Noxious Fumes","Concentrate","Adrenaline","Bane","Die Die Die","Deadly Poison","Terror","Bane","Bouncing Flask","Night Terror","Noxious Fumes+1","Apotheosis","Decay"],"max_hp_per_floor":[70,70,70,70,70,70,70,70,70,70,70,70,70,70,70,70,70,70,70,70,70,70,70],"relics":["Ring of the Snake","Meat on the Bone","Whetstone","War Paint","Unceasing Top","Odd Mushroom","Orrery","Nilry\u0027s Codex"],"card_choices":[{"not_picked":["Flying Knee","Poisoned Stab"],"picked":"Caltrops"},{"not_picked":["Dagger Spray","Slice"],"picked":"Acrobatics"},{"not_picked":["Poisoned Stab","Slice"],"picked":"Backstab"},{"not_picked":["Flying Knee","Acrobatics"],"picked":"Outmaneuver"},{"not_picked":["Escape Plan","Caltrops"],"picked":"Bouncing Flask"},{"not_picked":["Acrobatics","Eviscerate"],"picked":"Poisoned Stab"},{"not_picked":["Caltrops","PiercingWail"],"picked":"Concentrate"},{"not_picked":["Bane","Underhanded Strike"],"picked":"Adrenaline"},{"not_picked":["Flying Knee","Sucker Punch"],"picked":"Bane"},{"not_picked":["Storm of Steel","Venomology"],"picked":"Die Die Die"},{"not_picked":["Reflex","Slice"],"picked":"Deadly Poison"},{"not_picked":["Eviscerate","Sucker Punch"],"picked":"Terror"},{"not_picked":["Masterful Stab","Deflect"],"picked":"Bane"},{"not_picked":["Poisoned Stab","All Out Attack"],"picked":"Bouncing Flask"},{"not_picked":["Dagger Throw","Cloak And Dagger"],"picked":"Night Terror"},{"not_picked":["Dagger Spray","Underhanded Strike"],"picked":"Noxious Fumes"}],"player_experience":131843,"potions_floor_usage":[12,16],"damage_taken":[{"damage":0,"enemies":"2 Louse","floor":1,"turns":3},{"damage":0,"enemies":"Jaw Worm","floor":2,"turns":5},{"damage":1,"enemies":"Cultist","floor":3,"turns":3},{"damage":0,"enemies":"Looter","floor":5,"turns":4},{"damage":24,"enemies":"Lagavulin","floor":7,"turns":7},{"damage":22,"enemies":"3 Sentries","floor":12,"turns":5},{"damage":0,"enemies":"Large Slime","floor":13,"turns":4},{"damage":22,"enemies":"The Mushroom Lair","floor":14,"turns":4},{"damage":17,"enemies":"Hexaghost","floor":16,"turns":7},{"damage":8,"enemies":"Shell Parasite","floor":18,"turns":3},{"damage":72,"enemies":"Book of Stabbing","floor":24,"turns":5}],"event_choices":[{"event_name":"Scrap Ooze","player_choice":"success","floor":4,"damage_taken":7},{"event_name":"Golden Wing","player_choice":"Gained Gold","floor":11,"damage_taken":0},{"event_name":"Mushrooms","player_choice":"Fought Mushrooms","floor":14,"damage_taken":0},{"event_name":"Cursed Tome","player_choice":"Obtained Book","floor":20,"damage_taken":0},{"event_name":"Vampires","player_choice":"Ignored","floor":21,"damage_taken":0},{"event_name":"Forgotten Altar","player_choice":"Smashed Altar","floor":22,"damage_taken":0}],"boss_relics":[{"not_picked":["White Beast Statue","Ectoplasm"],"picked":"Orrery"}],"potions_floor_spawned":[2,3,7,13],"seed_played":"7953918515676451139","killed_by":"Book of Stabbing","ascension_level":0,"is_trial":false}