{"path_per_floor":["M","?","M","?","M","R","E","R","T","R","$","M","R","M","R","B",null,"M","?","M","$","M","R"],"character_chosen":"THE_SILENT","items_purchased":["Unceasing Top","Catalyst"],"gold_per_floor":[117,117,131,131,141,141,171,171,471,471,102,120,120,136,136,234,234,234,234,234,56,56,56],"floor_reached":24,"campfire_rested":0,"playtime":1448,"current_hp_per_floor":[62,62,62,62,61,61,26,26,26,26,26,14,14,14,14,6,54,40,40,27,27,27,27],"items_purged":["Strike_G","Strike_G"],"gold":56,"score":274,"play_id":"3e296a4c-681c-4bbc-b2ea-8e54a5456e0c","is_prod":false,"is_daily":false,"is_ascension_mode":true,"campfire_upgraded":6,"path_taken":["M","?","M","?","M","R","E","R","T","R","$","?","R","M","R","BOSS","M","?","?","$","M","R","E"],"build_version":"2018-02-08-PROD1","purchased_purges":2,"victory":false,"master_deck":["Defend_G","Defend_G","Defend_G","Defend_G","Strike_G","Strike_G","Survivor","Neutralize+1","Acrobatics","Deadly Poison","Dramatic Entrance","Prepared+1","Crippling Poison+1","Dagger Spray+1","Calculated Gamble+1","Envenom+1","Well Laid Plans","Catalyst"],"max_hp_per_floor":[70,70,70,70,70,70,70,70,70,70,70,70,70,70,70,70,70,70,70,70,70,70,70],"relics":["Ring of the Snake","Art of War","Old Coin","Unceasing Top","Ectoplasm"],"card_choices":[{"not_picked":["Accuracy","Deflect"],"picked":"Deadly Poison"},{"not_picked":["Underhanded Strike","Endless Agony"],"picked":"Prepared"},{"not_picked":["Flying Knee","Dagger Throw"],"picked":"Crippling Poison"},{"not_picked":["All Out Attack","Reflex"],"picked":"Dagger Spray"},{"not_picked":["Infinite Blades","Outmaneuver"],"picked":"Calculated Gamble"},{"not_picked":["Grand Finale","Phantasmal Killer"],"picked":"Envenom"},{"not_picked":["Quick Slash","Terror"],"picked":"Well Laid Plans"}],"player_experience":308378,"potions_floor_usage":[24,24,24],"damage_taken":[{"damage":1.0,"enemies":"Jaw Worm","floor":1.0,"turns":6.0},{"damage":0.0,"enemies":"Cultist","floor":3.0,"turns":3.0},{"damage":1.0,"enemies":"Blue Slaver","floor":5.0,"turns":4.0},{"damage":35.0,"enemies":"Lagavulin","floor":7.0,"turns":9.0},{"damage":12.0,"enemies":"Large Slime","floor":12.0,"turns":5.0},{"damage":0.0,"enemies":"Lots of Slimes","floor":14.0,"turns":2.0},{"damage":8.0,"enemies":"The Guardian","floor":16.0,"turns":11.0},{"damage":14.0,"enemies":"Shell Parasite","floor":18.0,"turns":8.0},{"damage":13.0,"enemies":"Spheric Guardian","floor":20.0,"turns":4.0},{"damage":0.0,"enemies":"Snecko","floor":22.0,"turns":5.0},{"damage":27,"enemies":"Slavers","floor":24,"turns":5}],"event_choices":[{"event_name":"Match and Keep!","player_choice":"1 cards matched","floor":2.0,"damage_taken":0.0},{"event_name":"Purifier","player_choice":"One Purge","floor":4.0,"damage_taken":0.0},{"event_name":"Drug Dealer","player_choice":"Ignored","floor":19.0,"damage_taken":0.0}],"boss_relics":[],"potions_floor_spawned":[1,14,16,18],"seed_played":"4157010152188276749","killed_by":"Slavers","ascension_level":8,"is_trial":false}