{"path_per_floor":["M","?","M","M","?","R","M","R","T","R","?","?","?","$","R","B",null,"M","$","M","M","M","R","E","R","T","R","M","R","?","?","R","B",null,"M","?","M","T","M","R","E","R","T","R","M","R","T","E","R"],"character_chosen":"THE_SILENT","items_purchased":["Crippling Poison","Backflip","Well Laid Plans","Art of War"],"gold_per_floor":[110,110,129,149,249,249,267,267,267,267,342,342,342,65,65,167,167,180,31,46,63,80,80,113,113,139,139,155,155,155,155,155,256,256,275,330,348,401,414,414,446,446,473,473,493,523,599,633,633],"floor_reached":50,"campfire_rested":2,"playtime":2337,"current_hp_per_floor":[70,56,56,56,56,56,45,66,66,66,55,55,60,60,60,42,75,63,63,53,50,18,48,63,71,71,75,72,75,68,68,75,75,75,73,67,66,66,50,60,60,70,70,82,72,82,82,71,81],"items_purged":["Slice"],"gold":633,"score":697,"play_id":"8fe95de2-24fd-4449-9a92-269ab0009987","is_prod":false,"is_daily":false,"is_ascension_mode":true,"campfire_upgraded":7,"path_taken":["M","?","M","?","?","R","M","R","T","R","?","?","?","?","R","BOSS","M","$","M","M","M","R","E","R","T","R","?","R","?","?","R","BOSS","M","?","M","?","M","R","E","R","T","R","M","R","?","E","R","BOSS"],"build_version":"2018-02-22-PROD2","purchased_purges":4,"victory":false,"master_deck":["Survivor","Neutralize+1","Backflip","Deadly Poison+1","Blade Dance+1","Poisoned Stab","Catalyst+1","PiercingWail","Caltrops","Dodge and Roll","Footwork+1","Catalyst+1","After Image+1","Outmaneuver","Crippling Poison+1","Backflip","Well Laid Plans","Burst+1","Noxious Fumes","Escape Plan+1","Leg Sweep","Deflect","Noxious Fumes","After Image","Sucker Punch+1","Acrobatics+1","Dodge and Roll+1"],"max_hp_per_floor":[70,70,70,70,70,70,70,70,70,70,70,70,75,75,75,75,75,75,75,75,75,75,75,75,75,75,75,75,75,75,75,75,75,75,75,75,75,75,75,75,75,75,75,82,82,82,82,82,82],"relics":["Pandora\u0027s Box","Unceasing Top","Eternal Feather","Art of War","Orichalcum","Vajra","Velvet Choker","Shovel","Happy Flower","Bag of Marbles","Snake Skull","Du-Vu Doll","Dream Catcher","Strawberry","Tiny Chest","Kunai","Darkstone Periapt","Girya"],"card_choices":[{"not_picked":["Prepared","Quick Slash"],"picked":"Footwork"},{"not_picked":["Concentrate","Prepared"],"picked":"Catalyst"},{"not_picked":["Caltrops","Outmaneuver"],"picked":"After Image"},{"not_picked":["Sucker Punch","Underhanded Strike"],"picked":"Outmaneuver"},{"not_picked":["Bullet Time","Envenom"],"picked":"Burst"},{"not_picked":["Backflip","Outmaneuver"],"picked":"Noxious Fumes"},{"not_picked":["Outmaneuver","Slice"],"picked":"Escape Plan"},{"not_picked":["Dagger Throw","Acrobatics"],"picked":"Leg Sweep"},{"not_picked":["Dagger Spray","Backstab"],"picked":"Deflect"},{"not_picked":["Grand Finale","Flechettes"],"picked":"Noxious Fumes"},{"not_picked":["Envenom","Wraith Form"],"picked":"After Image"},{"not_picked":["Cloak And Dagger","Backstab"],"picked":"Sucker Punch"},{"not_picked":["Dagger Throw","Dash"],"picked":"Acrobatics"},{"not_picked":["PiercingWail","Cloak And Dagger"],"picked":"Dodge and Roll"}],"player_experience":268331,"potions_floor_usage":[7,24,35,50,50],"damage_taken":[{"damage":0,"enemies":"Small Slimes","floor":1,"turns":3},{"damage":0,"enemies":"Cultist","floor":3,"turns":3},{"damage":0,"enemies":"2 Louse","floor":4,"turns":2},{"damage":11,"enemies":"Lots of Slimes","floor":7,"turns":3},{"damage":18,"enemies":"The Guardian","floor":16,"turns":6},{"damage":12,"enemies":"Shell Parasite","floor":18,"turns":4},{"damage":10,"enemies":"3 Byrds","floor":20,"turns":3},{"damage":3,"enemies":"Centurion and Healer","floor":21,"turns":8},{"damage":32,"enemies":"Cultist and Chosen","floor":22,"turns":9},{"damage":0,"enemies":"Book of Stabbing","floor":24,"turns":5},{"damage":3,"enemies":"Sentry and Sphere","floor":28,"turns":5},{"damage":0,"enemies":"Collector","floor":33,"turns":5},{"damage":2,"enemies":"3 Darklings","floor":35,"turns":5},{"damage":6,"enemies":"Mysterious Sphere","floor":36,"turns":7},{"damage":1,"enemies":"3 Shapes","floor":37,"turns":8},{"damage":16,"enemies":"Sphere and 2 Shapes","floor":39,"turns":7},{"damage":0,"enemies":"Giant Head","floor":41,"turns":5},{"damage":10,"enemies":"4 Shapes","floor":45,"turns":7},{"damage":11,"enemies":"Nemesis","floor":48,"turns":7},{"damage":106,"enemies":"Awakened One","floor":50,"turns":6}],"event_choices":[{"event_name":"Shining Light","player_choice":"Entered Light","floor":2,"damage_taken":0},{"event_name":"Golden Shrine","player_choice":"Pray","floor":5,"damage_taken":0},{"event_name":"World of Goop","player_choice":"Gather Gold","floor":11,"damage_taken":0},{"event_name":"Liars Game","player_choice":"disagreed","floor":12,"damage_taken":0},{"event_name":"Big Fish","player_choice":"Donut","floor":13,"damage_taken":0},{"event_name":"Wheel of Change","player_choice":"Damage","floor":30,"damage_taken":0},{"event_name":"Purifier","player_choice":"One Purge","floor":31,"damage_taken":0},{"event_name":"Mysterious Sphere","player_choice":"Fight","floor":36,"damage_taken":0}],"boss_relics":[{"not_picked":["White Beast Statue","Question Card"],"picked":"Eternal Feather"},{"not_picked":["Runic Dome","Snecko Eye"],"picked":"Velvet Choker"}],"potions_floor_spawned":[4,22,24,28,33,35,36,41],"seed_played":"-2795961276511126990","killed_by":"Awakened One","ascension_level":4,"is_trial":false}