{"path_per_floor":["M","?","?","?","M","R","E","M","T","R","?","$","M","M","R","B",null,"M","?","M","$","$","R","M","?","T"],"character_chosen":"THE_SILENT","items_purchased":["Eviscerate"],"gold_per_floor":[15,15,15,15,34,34,61,74,74,74,74,74,90,107,107,207,207,227,227,242,93,93,93,107,7,32],"floor_reached":27,"campfire_rested":2,"playtime":1236,"current_hp_per_floor":[70,70,70,56,56,56,39,39,39,60,65,65,60,60,60,44,75,28,12,5,5,5,27,14,14,14],"items_purged":["Strike_G"],"gold":32,"score":211,"play_id":"5b1d7b6a-b1ea-411f-8991-ecc25b6c65e7","is_prod":false,"is_daily":false,"is_ascension_mode":false,"campfire_upgraded":2,"path_taken":["M","?","?","?","M","R","E","M","T","R","?","$","M","?","R","BOSS","M","?","M","?","$","R","M","?","T","?"],"build_version":"2018-02-15-PROD1","purchased_purges":1,"victory":false,"master_deck":["Defend_G+1","Defend_G","Strike_G","Strike_G","Strike_G","Survivor+1","Neutralize+1","Distraction+1","Sucker Punch","Finisher","Cloak And Dagger","Slice","A Thousand Cuts","Riddle With Holes","Dagger Throw+1","Eviscerate","Eviscerate","J.A.X."],"max_hp_per_floor":[70,70,70,70,70,70,70,70,70,70,75,75,75,75,75,75,75,75,75,75,75,75,75,75,75,75],"relics":["Ring of the Snake","Anchor","Bag of Preparation","Snecko Eye","Enchiridion","Snake Skull"],"card_choices":[{"not_picked":["Dagger Throw","Malaise"],"picked":"Distraction"},{"not_picked":["Deflect","Poisoned Stab"],"picked":"Finisher"},{"not_picked":["Malaise","Accuracy"],"picked":"Cloak And Dagger"},{"not_picked":["Unload","Sucker Punch"],"picked":"Slice"},{"not_picked":["Bullet Time","Corpse Explosion"],"picked":"A Thousand Cuts"},{"not_picked":["Slice","Footwork"],"picked":"Riddle With Holes"},{"not_picked":["Blade Dance","Backstab"],"picked":"Dagger Throw"},{"not_picked":["Calculated Gamble","Sucker Punch"],"picked":"Eviscerate"}],"player_experience":53287,"potions_floor_usage":[16,16,16],"damage_taken":[{"damage":0,"enemies":"Jaw Worm","floor":1,"turns":6},{"damage":0,"enemies":"2 Louse","floor":5,"turns":3},{"damage":17,"enemies":"Lagavulin","floor":7,"turns":8},{"damage":0,"enemies":"Cultist","floor":8,"turns":2},{"damage":5,"enemies":"Lots of Slimes","floor":13,"turns":5},{"damage":0,"enemies":"Large Slime","floor":14,"turns":4},{"damage":16,"enemies":"Hexaghost","floor":16,"turns":15},{"damage":47,"enemies":"3 Byrds","floor":18,"turns":7},{"damage":7,"enemies":"2 Thieves","floor":20,"turns":4},{"damage":13,"enemies":"Centurion and Healer","floor":24,"turns":7},{"damage":15,"enemies":"3 Cultists","floor":27,"turns":2}],"event_choices":[{"event_name":"Living Wall","player_choice":"Forget","floor":2,"damage_taken":0},{"event_name":"Transmorgrifier","player_choice":"Transform","floor":3,"damage_taken":0},{"event_name":"Shining Light","player_choice":"Entered Light","floor":4,"damage_taken":0},{"event_name":"Big Fish","player_choice":"Donut","floor":11,"damage_taken":0},{"event_name":"Cursed Tome","player_choice":"Obtained Book","floor":19,"damage_taken":0},{"event_name":"Drug Dealer","player_choice":"Got JAXXED","floor":25,"damage_taken":0}],"boss_relics":[{"not_picked":["Velvet Choker","Eternal Feather"],"picked":"Snecko Eye"}],"potions_floor_spawned":[1,7,14],"seed_played":"3642736224403240214","killed_by":"3 Cultists","ascension_level":0,"is_trial":false}