{"path_per_floor":["M","T","?","$","M","R","?","M","T","M","M","R","$","M","R","B",null,"M","M","?","M","?","R","M","E","T","M","M","T","R","$","R","B",null,"M","M","?","?"],"character_chosen":"THE_SILENT","items_purchased":["Bag of Marbles","Bane"],"gold_per_floor":[116,140,140,140,158,158,158,171,197,216,234,234,85,95,95,200,200,200,140,65,65,65,65,65,65,65,65,65,65,65,16,16,16,16,16,16,16,16],"floor_reached":39,"campfire_rested":2,"playtime":1956,"current_hp_per_floor":[70,70,70,70,70,70,70,70,70,64,63,63,63,65,65,29,61,60,47,47,37,37,60,60,50,50,45,38,40,63,63,63,18,65,65,20,10,10],"items_purged":[],"gold":16,"score":429,"play_id":"a3a47d5d-9605-4c33-b6de-07f364b0a651","is_prod":false,"is_daily":false,"is_ascension_mode":true,"campfire_upgraded":4,"path_taken":["M","?","?","$","M","R","?","?","T","M","M","R","?","M","R","BOSS","M","M","?","M","?","R","?","E","T","M","M","?","R","$","R","BOSS","M","M","?","?","M"],"build_version":"2018-02-22-PROD2","purchased_purges":0,"victory":false,"master_deck":["Defend_G","Defend_G","Defend_G","Defend_G","Defend_G","Strike_G","Strike_G","Survivor+1","Neutralize","Malaise+1","Quick Slash+1","Catalyst","Dash","Infinite Blades","Dagger Spray+1","Venomology","Cloak And Dagger","Heel Hook+1","Backstab","Noxious Fumes+1","Caltrops","Poisoned Stab","Predator","Bane+1","Escape Plan+1","Madness","Madness"],"max_hp_per_floor":[70,70,70,70,70,70,70,70,70,70,70,70,70,72,72,72,72,72,72,72,72,72,74,74,74,74,74,76,78,78,78,78,80,80,80,82,82,82],"relics":["Ring of the Snake","Dream Catcher","Bag of Preparation","Singing Bowl","Bag of Marbles","Ectoplasm","Omamori","Prayer Wheel","Juzu Bracelet","Question Card"],"card_choices":[{"not_picked":["Eviscerate","Sucker Punch"],"picked":"Malaise"},{"not_picked":["Leg Sweep","Infinite Blades"],"picked":"Quick Slash"},{"not_picked":["Dagger Throw","Masterful Stab"],"picked":"Dash"},{"not_picked":["Choke","Deadly Poison"],"picked":"Infinite Blades"},{"not_picked":["Deadly Poison","After Image"],"picked":"Dagger Spray"},{"not_picked":["Die Die Die","Unload"],"picked":"Venomology"},{"not_picked":["Endless Agony","Blur"],"picked":"Cloak And Dagger"},{"not_picked":["Footwork","Flying Knee"],"picked":"Heel Hook"},{"not_picked":["Escape Plan","Leg Sweep"],"picked":"Backstab"},{"not_picked":["Riddle With Holes","Slice"],"picked":"Noxious Fumes"},{"not_picked":["Grand Finale","Acrobatics"],"picked":"Caltrops"},{"not_picked":["Underhanded Strike","Dagger Throw"],"picked":"Poisoned Stab"},{"not_picked":["Outmaneuver","Deadly Poison"],"picked":"Predator"},{"not_picked":["Flying Knee","Bane","Flechettes"],"picked":"Escape Plan"}],"player_experience":305108,"potions_floor_usage":[11,18,19,21,24,25,25,25,27,28,33,33,36,39],"damage_taken":[{"damage":0,"enemies":"Cultist","floor":1,"turns":5},{"damage":0,"enemies":"2 Louse","floor":5,"turns":3},{"damage":0,"enemies":"Small Slimes","floor":8,"turns":3},{"damage":6,"enemies":"Red Slaver","floor":10,"turns":4},{"damage":1,"enemies":"Exordium Wildlife","floor":11,"turns":4},{"damage":0,"enemies":"Exordium Thugs","floor":14,"turns":4},{"damage":36,"enemies":"Hexaghost","floor":16,"turns":16},{"damage":1,"enemies":"3 Byrds","floor":18,"turns":6},{"damage":13,"enemies":"2 Thieves","floor":19,"turns":4},{"damage":10,"enemies":"Snecko","floor":21,"turns":5},{"damage":0,"enemies":"Centurion and Healer","floor":24,"turns":4},{"damage":10,"enemies":"Gremlin Leader","floor":25,"turns":7},{"damage":5,"enemies":"Slaver and Parasite","floor":27,"turns":6},{"damage":9,"enemies":"Cultist and Chosen","floor":28,"turns":7},{"damage":47,"enemies":"Automaton","floor":33,"turns":9},{"damage":0,"enemies":"Orb Walker","floor":35,"turns":2},{"damage":47,"enemies":"3 Darklings","floor":36,"turns":6},{"damage":25,"enemies":"4 Shapes","floor":39,"turns":5}],"event_choices":[{"event_name":"Upgrade Shrine","player_choice":"Upgraded","floor":3,"damage_taken":0},{"event_name":"Transmorgrifier","player_choice":"Transform","floor":7,"damage_taken":0},{"event_name":"Beggar","player_choice":"Gave Gold","floor":20,"damage_taken":0},{"event_name":"Addict","player_choice":"Ignored","floor":22,"damage_taken":0},{"event_name":"Winding Halls","player_choice":"Embrace Madness","floor":37,"damage_taken":0}],"boss_relics":[{"not_picked":["Lizard Tail","Velvet Choker"],"picked":"Ectoplasm"},{"not_picked":["Pandora\u0027s Box","Philosopher\u0027s Stone"],"picked":"Question Card"}],"potions_floor_spawned":[1,5,10,16,21,24,28,35,36],"seed_played":"6007644354474061610","killed_by":"4 Shapes","ascension_level":5,"is_trial":false}