{"path_per_floor":["M","M","M","M","?","R","$","E","T","R","$","M","R","?","R","B",null,"M","T","$","M","M","R","E","M","T","E","M","R","?","?","R","B",null,"M","$","?","?","M","R","E","R","T","M","$","M","T","E","R","B"],"character_chosen":"THE_SILENT","items_purchased":["Accuracy","Blur","Mummified Hand","Accuracy","Blur"],"gold_per_floor":[112,131,142,157,157,157,12,42,93,93,93,103,103,53,53,158,158,170,196,26,35,55,55,86,100,100,133,152,152,152,152,152,250,250,263,16,63,63,79,79,105,135,135,152,40,51,51,77,77,77],"floor_reached":51,"campfire_rested":3,"playtime":2985,"current_hp_per_floor":[66,65,63,63,49,70,70,60,60,60,60,60,60,60,60,25,70,63,63,63,60,54,54,21,14,14,18,16,41,41,41,66,42,84,81,81,81,81,81,81,77,77,77,75,75,71,71,71,71,71],"items_purged":["Strike_G","Strike_G"],"gold":77,"score":767,"play_id":"4f577793-65a8-4020-ad1e-287f3525b710","is_prod":false,"is_daily":false,"is_ascension_mode":true,"campfire_upgraded":4,"path_taken":["M","?","M","M","?","R","?","E","T","R","$","?","R","?","R","BOSS","M","?","$","M","M","R","E","?","T","E","M","R","?","?","R","BOSS","M","$","?","?","?","R","E","R","T","M","$","M","?","E","R","BOSS"],"build_version":"2018-02-22-PROD2","purchased_purges":4,"victory":true,"master_deck":["Defend_G+1","Defend_G+1","Defend_G+1","Defend_G+1","Survivor","Neutralize+1","Night Terror+1","Dash+1","Cloak And Dagger+1","Tools of the Trade","Accuracy+1","Dodge and Roll","PiercingWail","Envenom","Slice+1","Escape Plan+1","Malaise+1","Blur","Cloak And Dagger+1","Concentrate+1","Footwork","Cloak And Dagger","Footwork","Adrenaline","Infinite Blades+1","Accuracy+1","Acrobatics","Accuracy","Blur","Terror+1","Finisher+1"],"max_hp_per_floor":[70,70,70,70,70,70,70,70,70,70,70,70,70,70,70,70,70,70,70,70,70,70,70,70,70,70,84,84,84,84,84,84,84,84,84,84,84,84,84,84,84,84,84,84,84,84,84,84,84,84],"relics":["Ring of the Snake","Bottled Flame","Art of War","Astrolabe","Oddly Smooth Stone","Shovel","Thread and Needle","Mango","Sozu","Mummified Hand","Unceasing Top","Snake Skull","Tough Bandages","Tiny Chest","Girya","Anchor","Blue Candle"],"card_choices":[{"not_picked":["Poisoned Stab","Sucker Punch"],"picked":"Dash"},{"not_picked":["Dodge and Roll","Deflect"],"picked":"Cloak And Dagger"},{"not_picked":["Skewer","Finisher"],"picked":"Tools of the Trade"},{"not_picked":["Crippling Poison","All Out Attack"],"picked":"Dodge and Roll"},{"not_picked":["Dagger Spray","Distraction"],"picked":"PiercingWail"},{"not_picked":["Unload","Storm of Steel"],"picked":"Envenom"},{"not_picked":["Slice","Bane"],"picked":"Malaise"},{"not_picked":["Well Laid Plans","Deadly Poison"],"picked":"Cloak And Dagger"},{"not_picked":["Calculated Gamble","Storm of Steel"],"picked":"Concentrate"},{"not_picked":["Heel Hook","Dodge and Roll"],"picked":"Footwork"},{"not_picked":["Escape Plan","Sucker Punch"],"picked":"Cloak And Dagger"},{"not_picked":["Die Die Die","Phantasmal Killer"],"picked":"Adrenaline"},{"not_picked":["Outmaneuver","Acrobatics"],"picked":"Infinite Blades"},{"not_picked":["Deadly Poison","Leg Sweep"],"picked":"Accuracy"},{"not_picked":["PiercingWail","Reflex"],"picked":"Acrobatics"},{"not_picked":["All Out Attack","Well Laid Plans"],"picked":"Terror"},{"not_picked":["Quick Slash","Concentrate"],"picked":"Finisher"}],"player_experience":276038,"potions_floor_usage":[8,21,22,25,27,28],"damage_taken":[{"damage":4,"enemies":"Cultist","floor":1,"turns":5},{"damage":1,"enemies":"Jaw Worm","floor":2,"turns":5},{"damage":2,"enemies":"2 Louse","floor":3,"turns":3},{"damage":0,"enemies":"Exordium Thugs","floor":4,"turns":5},{"damage":10,"enemies":"3 Sentries","floor":8,"turns":8},{"damage":0,"enemies":"Exordium Wildlife","floor":12,"turns":4},{"damage":35,"enemies":"Slime Boss","floor":16,"turns":10},{"damage":7,"enemies":"Spheric Guardian","floor":18,"turns":4},{"damage":3,"enemies":"2 Thieves","floor":21,"turns":5},{"damage":6,"enemies":"Centurion and Healer","floor":22,"turns":13},{"damage":33,"enemies":"Slavers","floor":24,"turns":13},{"damage":7,"enemies":"3 Cultists","floor":25,"turns":7},{"damage":10,"enemies":"Gremlin Leader","floor":27,"turns":12},{"damage":2,"enemies":"Cultist and Chosen","floor":28,"turns":10},{"damage":24,"enemies":"Automaton","floor":33,"turns":15},{"damage":3,"enemies":"3 Darklings","floor":35,"turns":7},{"damage":0,"enemies":"Mysterious Sphere","floor":37,"turns":9},{"damage":0,"enemies":"3 Shapes","floor":39,"turns":6},{"damage":4,"enemies":"Nemesis","floor":41,"turns":7},{"damage":2,"enemies":"Sphere and 2 Shapes","floor":44,"turns":8},{"damage":4,"enemies":"3 Darklings","floor":46,"turns":5},{"damage":0,"enemies":"2 Orb Walkers","floor":48,"turns":6},{"damage":0,"enemies":"Awakened One","floor":50,"turns":11}],"event_choices":[{"event_name":"Shining Light","player_choice":"Entered Light","floor":5,"damage_taken":0},{"event_name":"The Cleric","player_choice":"Card Removal","floor":14,"damage_taken":0},{"event_name":"Back to Basics","player_choice":"Simplicity","floor":30,"damage_taken":0},{"event_name":"Duplicator","player_choice":"One dupe","floor":31,"damage_taken":0},{"event_name":"Mysterious Sphere","player_choice":"Fight","floor":37,"damage_taken":0}],"boss_relics":[{"not_picked":["Orrery","Philosopher\u0027s Stone"],"picked":"Astrolabe"},{"not_picked":["Lizard Tail","Snecko Eye"],"picked":"Sozu"}],"potions_floor_spawned":[2,3,16,18,25,27,33,35,41,48],"seed_played":"-3945225560276056589","ascension_level":4,"is_trial":false}