{"path_per_floor":["M","$","M","?","M","R","E","T","T","M","R","M","?","?","R","B",null,"M","M","M","M","?"],"character_chosen":"THE_SILENT","items_purchased":["Noxious Fumes","Calculated Gamble"],"gold_per_floor":[114,9,24,199,216,216,242,242,265,284,284,301,301,251,251,354,354,354,354,354,354,354],"floor_reached":23,"campfire_rested":1,"playtime":830,"current_hp_per_floor":[67,67,66,66,65,65,22,22,22,3,24,24,24,24,24,3,70,68,66,57,36,20],"items_purged":[],"gold":354,"score":193,"play_id":"33f9e5f2-6543-4b51-88e9-1927e59f8a0d","is_prod":false,"is_daily":false,"is_ascension_mode":false,"campfire_upgraded":2,"path_taken":["M","$","M","?","?","R","E","?","T","M","R","M","?","?","R","BOSS","M","M","M","M","?","E"],"build_version":"2018-02-15-PROD1","purchased_purges":0,"victory":false,"master_deck":["Defend_G","Defend_G","Defend_G","Defend_G","Defend_G","Strike_G","Strike_G","Strike_G","Strike_G","Survivor","Neutralize+1","Glass Knife","Noxious Fumes+1","Calculated Gamble+1","Prepared","Doubt","Backflip","Venomology","Envenom","Skewer","Expertise+1","Well Laid Plans+1","Necronomicurse"],"max_hp_per_floor":[70,70,70,70,70,70,70,70,70,70,70,70,70,70,70,70,70,70,70,70,70,70],"relics":["Ring of the Snake","Lantern","Juzu Bracelet","Pen Nib","Ectoplasm","Necronomicon"],"card_choices":[{"not_picked":["Well Laid Plans","Blur"],"picked":"Glass Knife"},{"not_picked":["Deadly Poison","Concentrate"],"picked":"Prepared"},{"not_picked":["Acrobatics","Malaise"],"picked":"Backflip"},{"not_picked":["Setup","Expertise"],"picked":"Venomology"},{"not_picked":["Burst","Glass Knife"],"picked":"Envenom"},{"not_picked":["Cloak And Dagger","Prepared"],"picked":"Skewer"},{"not_picked":["Bouncing Flask","Dagger Throw"],"picked":"Expertise"},{"not_picked":["Deflect","Caltrops"],"picked":"Well Laid Plans"}],"player_experience":380598,"potions_floor_usage":[16,16,18,19,20,21],"damage_taken":[{"damage":3,"enemies":"Jaw Worm","floor":1,"turns":4},{"damage":1,"enemies":"Small Slimes","floor":3,"turns":4},{"damage":1,"enemies":"Cultist","floor":5,"turns":4},{"damage":43,"enemies":"Gremlin Nob","floor":7,"turns":6},{"damage":19,"enemies":"Exordium Thugs","floor":10,"turns":5},{"damage":0,"enemies":"3 Louse","floor":12,"turns":3},{"damage":21,"enemies":"Slime Boss","floor":16,"turns":9},{"damage":2,"enemies":"Chosen","floor":18,"turns":4},{"damage":2,"enemies":"Shell Parasite","floor":19,"turns":5},{"damage":9,"enemies":"Snake Plant","floor":20,"turns":5},{"damage":21,"enemies":"Snecko","floor":21,"turns":5},{"damage":21,"enemies":"Book of Stabbing","floor":23,"turns":1}],"event_choices":[{"event_name":"Liars Game","player_choice":"agreed","floor":4,"damage_taken":0},{"event_name":"Accursed Blacksmith","player_choice":"Forge","floor":13,"damage_taken":0},{"event_name":"The Cleric","player_choice":"Card Removal","floor":14,"damage_taken":0},{"event_name":"Cursed Tome","player_choice":"Obtained Book","floor":22,"damage_taken":0}],"boss_relics":[{"not_picked":["Question Card","Runic Pyramid"],"picked":"Ectoplasm"}],"potions_floor_spawned":[3,5,12,16,21],"seed_played":"-2946941083147530466","killed_by":"Book of Stabbing","ascension_level":0,"is_trial":false}