{"path_per_floor":["M","?","M","M","?","R","$","R","T","$","R","T","M","M","R","B",null,"M","?","M","M","M","R","M","R","T","M","R","M","M","?","R"],"character_chosen":"THE_SILENT","items_purchased":["Caltrops","Finisher"],"gold_per_floor":[115,115,130,148,148,148,36,36,91,23,23,23,35,55,55,156,156,176,176,194,210,224,224,237,237,262,278,278,293,307,307,307],"floor_reached":33,"campfire_rested":1,"playtime":1516,"current_hp_per_floor":[60,53,49,45,63,63,63,63,63,63,63,63,43,45,45,29,55,57,57,44,47,43,43,43,43,43,44,44,41,45,45,63],"items_purged":["Strike_G"],"gold":307,"score":301,"play_id":"d935d92d-618d-4b50-8d0b-5e08f2d7ef42","is_prod":false,"is_daily":false,"is_ascension_mode":true,"campfire_upgraded":7,"path_taken":["M","?","?","M","?","R","?","R","T","$","R","?","M","M","R","BOSS","M","?","M","?","?","R","M","R","T","M","R","M","M","?","R","BOSS"],"build_version":"2018-02-22-PROD2","purchased_purges":1,"victory":false,"master_deck":["Defend_G","Defend_G","Defend_G","Defend_G","Defend_G","Strike_G","Strike_G","Strike_G","Survivor+1","Neutralize","Malaise+1","Backflip+1","Caltrops+1","Finisher+1","Flying Knee","Glass Knife+1","Dagger Spray","Backstab+1","Backflip+1","After Image","Quick Slash","PiercingWail"],"max_hp_per_floor":[63,63,63,63,63,63,63,63,63,63,63,63,63,63,63,63,63,63,63,63,63,63,63,63,63,63,63,63,63,63,63,63],"relics":["Ring of the Snake","Gambling Chip","Tiny Chest","Bird Faced Urn","Velvet Choker","Dream Catcher"],"card_choices":[{"not_picked":["Flying Knee","Poisoned Stab"],"picked":"Malaise"},{"not_picked":["Bane","Masterful Stab"],"picked":"Backflip"},{"not_picked":["Choke","Quick Slash"],"picked":"Flying Knee"},{"not_picked":["Adrenaline","Wraith Form"],"picked":"Glass Knife"},{"not_picked":["Flying Knee","Deadly Poison"],"picked":"Dagger Spray"},{"not_picked":["Distraction","Leg Sweep"],"picked":"Backstab"},{"not_picked":["Prepared","Dagger Throw"],"picked":"Backflip"},{"not_picked":["Reflex","Poisoned Stab"],"picked":"After Image"},{"not_picked":["Masterful Stab","Sucker Punch"],"picked":"Quick Slash"},{"not_picked":["Cloak And Dagger","Riddle With Holes"],"picked":"PiercingWail"}],"player_experience":316939,"potions_floor_usage":[21,30,30,33,33],"damage_taken":[{"damage":3,"enemies":"2 Louse","floor":1,"turns":3},{"damage":4,"enemies":"Small Slimes","floor":3,"turns":4},{"damage":4,"enemies":"Jaw Worm","floor":4,"turns":6},{"damage":20,"enemies":"Lots of Slimes","floor":13,"turns":4},{"damage":0,"enemies":"Blue Slaver","floor":14,"turns":6},{"damage":18,"enemies":"Hexaghost","floor":16,"turns":14},{"damage":0,"enemies":"Chosen","floor":18,"turns":6},{"damage":15,"enemies":"2 Thieves","floor":20,"turns":4},{"damage":11,"enemies":"3 Cultists","floor":21,"turns":5},{"damage":6,"enemies":"Centurion and Healer","floor":22,"turns":10},{"damage":4,"enemies":"Slaver and Parasite","floor":24,"turns":6},{"damage":1,"enemies":"Snecko","floor":27,"turns":6},{"damage":7,"enemies":"Cultist and Chosen","floor":29,"turns":7},{"damage":0,"enemies":"Chosen and Byrds","floor":30,"turns":4},{"damage":94,"enemies":"Automaton","floor":33,"turns":12}],"event_choices":[{"event_name":"Golden Wing","player_choice":"Card Removal","floor":2,"damage_taken":0},{"event_name":"Big Fish","player_choice":"Banana","floor":5,"damage_taken":0},{"event_name":"Accursed Blacksmith","player_choice":"Ignore","floor":19,"damage_taken":0},{"event_name":"Drug Dealer","player_choice":"Ignored","floor":31,"damage_taken":0}],"boss_relics":[{"not_picked":["Snecko Eye","Calling Bell"],"picked":"Velvet Choker"}],"potions_floor_spawned":[1,14,16,20,24,27,30],"seed_played":"-6724007232119462657","killed_by":"Automaton","ascension_level":5,"is_trial":false}