{"path_per_floor":["M","$","M","M","M","M","R","M","T","$","E","?","?","M","R","B",null,"M","?","M","$"],"character_chosen":"THE_SILENT","items_purchased":[],"gold_per_floor":[115,40,54,72,83,94,94,112,112,12,37,37,37,53,53,154,154,174,174,188,63],"floor_reached":22,"campfire_rested":0,"playtime":1233,"current_hp_per_floor":[70,70,68,68,66,66,66,65,65,65,41,41,64,64,64,47,69,46,46,37,37],"items_purged":["Strike_G","Strike_G","Strike_G"],"gold":63,"score":235,"play_id":"16a86462-0619-4c8f-925c-a392b56a7db7","is_prod":false,"is_daily":false,"is_ascension_mode":true,"campfire_upgraded":2,"path_taken":["M","$","M","M","M","M","R","M","T","$","E","?","?","M","R","BOSS","M","?","M","$","M"],"build_version":"2018-02-15-PROD1","purchased_purges":3,"victory":false,"master_deck":["Defend_G","Defend_G","Defend_G","Defend_G","Defend_G","Strike_G","Survivor","Neutralize","Leg Sweep","Caltrops+1","PiercingWail","Backflip","Blur+1","Parasite","Dash","Night Terror","Riddle With Holes","Predator"],"max_hp_per_floor":[70,70,70,70,70,70,70,70,70,70,70,70,76,76,76,76,76,76,76,76,76],"relics":["Ring of the Snake","Regal Pillow","Darkstone Periapt","Question Card"],"card_choices":[{"not_picked":["Dodge and Roll","Poisoned Stab"],"picked":"Leg Sweep"},{"not_picked":["Infinite Blades","Expertise"],"picked":"Caltrops"},{"not_picked":["Quick Slash","Terror"],"picked":"PiercingWail"},{"not_picked":["Distraction","Eviscerate"],"picked":"Backflip"},{"not_picked":["A Thousand Cuts","Calculated Gamble"],"picked":"Blur"},{"not_picked":["Terror","Poisoned Stab"],"picked":"Dash"},{"not_picked":["Burst","Wraith Form"],"picked":"Night Terror"},{"not_picked":["Bouncing Flask","Cloak And Dagger","Slice"],"picked":"Riddle With Holes"},{"not_picked":["Bane","Caltrops","Choke"],"picked":"Predator"}],"player_experience":286387,"potions_floor_usage":[11,18,20,22],"damage_taken":[{"damage":0,"enemies":"Jaw Worm","floor":1,"turns":5},{"damage":2,"enemies":"Cultist","floor":3,"turns":5},{"damage":0,"enemies":"Small Slimes","floor":4,"turns":4},{"damage":2,"enemies":"Blue Slaver","floor":5,"turns":6},{"damage":0,"enemies":"Exordium Wildlife","floor":6,"turns":3},{"damage":1,"enemies":"3 Louse","floor":8,"turns":5},{"damage":24,"enemies":"3 Sentries","floor":11,"turns":11},{"damage":0,"enemies":"Blue Slaver","floor":14,"turns":5},{"damage":17,"enemies":"The Guardian","floor":16,"turns":21},{"damage":38,"enemies":"Spheric Guardian","floor":18,"turns":12},{"damage":9,"enemies":"Chosen","floor":20,"turns":9},{"damage":43,"enemies":"Centurion and Healer","floor":22,"turns":10}],"event_choices":[{"event_name":"Bonfire Elementals","player_choice":"BASIC","floor":12,"damage_taken":0},{"event_name":"Mushrooms","player_choice":"Healed and dodged fight","floor":13,"damage_taken":0},{"event_name":"The Lab","player_choice":"Got Potions","floor":19,"damage_taken":0}],"boss_relics":[{"not_picked":["Runic Pyramid","Philosopher\u0027s Stone"],"picked":"Question Card"}],"potions_floor_spawned":[1,5,8,11,16],"seed_played":"760553076904413414","killed_by":"Centurion and Healer","ascension_level":5,"is_trial":false}