{"path_per_floor":["M","?","?","$","?","E","M","M","T","R","M","R","$","M","R","B",null,"M","$","M","?","M","M","?","$","T","M","R","M","M","M","R","B",null,"M","?","?","M","M","E","R","?","T","R","M","R","M","$","R"],"character_chosen":"THE_SILENT","items_purchased":["Footwork","Footwork","Footwork","Oddly Smooth Stone","Weak Potion"],"gold_per_floor":[116,116,116,6,6,34,49,65,92,92,108,108,35,45,45,142,142,160,89,102,27,42,55,55,55,78,97,97,117,131,145,145,242,272,290,290,290,304,324,355,355,355,355,355,374,374,386,90,90],"floor_reached":50,"campfire_rested":4,"playtime":3110,"current_hp_per_floor":[68,68,68,68,54,43,43,43,50,50,50,50,50,50,50,28,77,70,70,67,67,57,55,55,55,55,55,55,38,32,32,55,34,82,80,80,80,71,71,21,45,45,59,59,31,59,33,33,61],"items_purged":["Strike_G","Strike_G"],"gold":90,"score":536,"play_id":"6e0d836c-7b2a-4540-88db-eb70c26d79ad","is_prod":false,"is_daily":false,"is_ascension_mode":true,"campfire_upgraded":5,"path_taken":["M","?","?","$","?","E","M","?","T","R","M","R","$","M","R","BOSS","M","$","M","?","M","?","?","$","T","?","R","M","M","M","R","BOSS","M","?","?","M","M","E","R","?","T","R","M","R","M","?","R","BOSS"],"build_version":"2018-02-15-PROD1","purchased_purges":3,"victory":false,"master_deck":["Defend_G","Defend_G","Defend_G","Defend_G+1","Defend_G","Strike_G+1","Survivor","Neutralize+1","Dash+1","Footwork+1","Malaise+1","Skewer+1","Caltrops","Footwork","Noxious Fumes+1","Night Terror+1","Heel Hook+1","Footwork+1","PiercingWail+1","Backflip+1"],"max_hp_per_floor":[70,70,70,70,70,70,70,70,77,77,77,77,77,77,77,77,77,77,77,77,77,77,77,77,77,77,77,77,77,77,77,77,77,82,82,82,82,82,82,82,82,82,96,96,96,96,96,96,96],"relics":["Ring of the Snake","Calipers","Strawberry","Velvet Choker","War Paint","Tiny House","Tough Bandages","Mango","Oddly Smooth Stone"],"card_choices":[{"not_picked":["Deadly Poison","PiercingWail"],"picked":"Dash"},{"not_picked":["PiercingWail","Bouncing Flask"],"picked":"Malaise"},{"not_picked":["Underhanded Strike","Dagger Throw"],"picked":"Skewer"},{"not_picked":["PiercingWail","Dagger Throw"],"picked":"Caltrops"},{"not_picked":["Underhanded Strike","Venomology"],"picked":"Noxious Fumes"},{"not_picked":["Tactician","Burst"],"picked":"Night Terror"},{"not_picked":["Sucker Punch","Deflect"],"picked":"Heel Hook"},{"not_picked":["Concentrate","Riddle With Holes"],"picked":"PiercingWail"},{"not_picked":["Outmaneuver","Concentrate"],"picked":"Backflip"}],"player_experience":271863,"potions_floor_usage":[27,30,40,40,40,47,50],"damage_taken":[{"damage":2,"enemies":"Small Slimes","floor":1,"turns":5},{"damage":11,"enemies":"3 Sentries","floor":6,"turns":14},{"damage":0,"enemies":"2 Louse","floor":7,"turns":3},{"damage":0,"enemies":"Cultist","floor":8,"turns":4},{"damage":0,"enemies":"Looter","floor":11,"turns":4},{"damage":0,"enemies":"Red Slaver","floor":14,"turns":7},{"damage":22,"enemies":"The Guardian","floor":16,"turns":11},{"damage":7,"enemies":"Chosen","floor":18,"turns":6},{"damage":3,"enemies":"Shell Parasite","floor":20,"turns":5},{"damage":10,"enemies":"Snecko","floor":22,"turns":8},{"damage":2,"enemies":"Snake Plant","floor":23,"turns":5},{"damage":0,"enemies":"Centurion and Healer","floor":27,"turns":8},{"damage":17,"enemies":"Sentry and Sphere","floor":29,"turns":7},{"damage":6,"enemies":"Snake Plant","floor":30,"turns":6},{"damage":0,"enemies":"Snecko","floor":31,"turns":5},{"damage":21,"enemies":"Champ","floor":33,"turns":17},{"damage":2,"enemies":"3 Shapes","floor":35,"turns":6},{"damage":9,"enemies":"Orb Walker","floor":38,"turns":6},{"damage":0,"enemies":"Maw","floor":39,"turns":10},{"damage":50,"enemies":"Giant Head","floor":40,"turns":14},{"damage":28,"enemies":"Sphere and 2 Shapes","floor":45,"turns":10},{"damage":41,"enemies":"3 Darklings","floor":47,"turns":6},{"damage":79,"enemies":"Donu and Deca","floor":50,"turns":13}],"event_choices":[{"event_name":"Liars Game","player_choice":"disagreed","floor":2,"damage_taken":0},{"event_name":"The Woman in Blue","player_choice":"Bought 0 Potions","floor":3,"damage_taken":0},{"event_name":"Shining Light","player_choice":"Entered Light","floor":5,"damage_taken":0},{"event_name":"Beggar","player_choice":"Gave Gold","floor":21,"damage_taken":0},{"event_name":"Vampires","player_choice":"Ignored","floor":24,"damage_taken":0},{"event_name":"Accursed Blacksmith","player_choice":"Ignore","floor":36,"damage_taken":0},{"event_name":"Match and Keep!","player_choice":"0 cards matched","floor":42,"damage_taken":0}],"boss_relics":[{"not_picked":["Sozu","Runic Pyramid"],"picked":"Velvet Choker"},{"not_picked":["Eternal Feather","Question Card"],"picked":"Tiny House"}],"potions_floor_spawned":[1,11,14,23,29,33,38,39,45],"seed_played":"2014610809650207586","killed_by":"Donu and Deca","ascension_level":4,"is_trial":false}