{"path_per_floor":["M","$","?","M","M","R","E","R","T","?","?","$","?","M","R","B",null,"M","$","?","M","?","R","$","?","T","M"],"character_chosen":"THE_SILENT","items_purchased":["Cloak And Dagger","Well Laid Plans"],"gold_per_floor":[99,99,99,99,99,99,99,99,99,73,73,48,48,48,48,48,48,48,48,48,48,48,48,10,10,10,10],"floor_reached":28,"campfire_rested":1,"playtime":754,"current_hp_per_floor":[63,63,51,47,47,68,55,55,69,69,74,74,68,68,68,23,73,64,64,48,43,43,43,43,72,72,53],"items_purged":[],"gold":10,"score":303,"play_id":"09b5d706-f1d1-4f3a-8cbb-8646c102039c","local_time":"20180313201513","is_prod":false,"is_daily":false,"is_ascension_mode":true,"campfire_upgraded":3,"timestamp":1520990113,"path_taken":["M","?","?","M","M","R","E","R","T","?","?","$","?","M","R","BOSS","M","?","?","M","?","R","$","?","T","M","M"],"build_version":"2018-03-09","purchased_purges":0,"victory":false,"master_deck":["Defend_G","Defend_G","Defend_G","Defend_G","Defend_G","Strike_G","Strike_G","Strike_G","Strike_G","Strike_G","Survivor","Neutralize+1","Cloak And Dagger+1","Escape Plan","Flying Knee","Cloak And Dagger+1","Choke","Envenom","Infinite Blades+1","Cloak And Dagger","Well Laid Plans"],"max_hp_per_floor":[70,70,70,70,70,70,70,70,84,84,89,89,89,89,89,89,89,89,89,89,89,89,89,89,89,89,89],"relics":["Ectoplasm","Old Coin","Meat on the Bone","Mango","Odd Mushroom","Question Card","Nilry\u0027s Codex","Omamori","Frozen Eye"],"card_choices":[{"not_picked":["Dodge and Roll","Reflex"],"picked":"Cloak And Dagger"},{"not_picked":["Dagger Throw","Poisoned Stab"],"picked":"Escape Plan"},{"not_picked":["All Out Attack","Bane"],"picked":"Flying Knee"},{"not_picked":["Reflex","Dagger Throw"],"picked":"Choke"},{"not_picked":["Grand Finale","A Thousand Cuts"],"picked":"Envenom"},{"not_picked":["Dagger Throw","Poisoned Stab","Deadly Poison"],"picked":"Infinite Blades"},{"not_picked":["Quick Slash","Concentrate","Noxious Fumes"],"picked":"Cloak And Dagger"}],"player_experience":358586,"potions_floor_usage":[16],"damage_taken":[{"damage":0,"enemies":"Cultist","floor":1,"turns":4},{"damage":4,"enemies":"2 Louse","floor":4,"turns":3},{"damage":0,"enemies":"Small Slimes","floor":5,"turns":3},{"damage":13,"enemies":"3 Sentries","floor":7,"turns":13},{"damage":6,"enemies":"The Mushroom Lair","floor":13,"turns":5},{"damage":0,"enemies":"3 Louse","floor":14,"turns":3},{"damage":57,"enemies":"Hexaghost","floor":16,"turns":14},{"damage":9,"enemies":"Chosen","floor":18,"turns":5},{"damage":17,"enemies":"Shell Parasite","floor":21,"turns":5},{"damage":31,"enemies":"Snake Plant","floor":27,"turns":5},{"damage":39,"enemies":"Slaver and Parasite","floor":28,"turns":6}],"event_choices":[{"event_name":"Scrap Ooze","player_choice":"success","floor":3,"damage_taken":12},{"event_name":"World of Goop","player_choice":"Left","floor":10,"damage_taken":0},{"event_name":"Big Fish","player_choice":"Donut","floor":11,"damage_taken":0},{"event_name":"Mushrooms","player_choice":"Fought Mushrooms","floor":13,"damage_taken":0},{"event_name":"Cursed Tome","player_choice":"Obtained Book","floor":20,"damage_taken":0},{"event_name":"The Mausoleum","player_choice":"Yes","floor":22,"damage_taken":0},{"event_name":"The Library","player_choice":"Heal","floor":25,"damage_taken":0}],"boss_relics":[{"not_picked":["Calling Bell","Velvet Choker"],"picked":"Question Card"}],"potions_floor_spawned":[4,7,21],"seed_played":"-8044629374791428839","killed_by":"Slaver and Parasite","ascension_level":6,"is_trial":false}