{"path_per_floor":["M","M","$","M","?","R","E","M","T","M","R","M","E","$","R","B",null,"M","$","?","M","?","R","E","M","T","M","R","?","R","M","R","B",null,"M","$","?","?","M","R","$","R","T","M","M","M","?","M","R","B"],"character_chosen":"THE_SILENT","items_purchased":["Dagger Throw","Reflex","Catalyst","Expertise"],"gold_per_floor":[111,127,52,62,62,62,91,109,135,147,147,159,185,72,72,145,145,145,1,1,0,0,0,0,0,0,0,0,0,0,0,0,0,0,0,0,0,0,0,0,0,0,0,0,0,0,0,0,0,0],"floor_reached":51,"campfire_rested":1,"playtime":3262,"current_hp_per_floor":[59,59,59,59,64,64,64,64,64,61,61,41,33,33,33,16,55,53,53,58,39,39,39,49,43,43,43,43,59,59,55,55,43,69,69,69,69,69,69,69,69,69,69,62,55,55,71,60,78,37],"items_purged":["Parasite"],"gold":0,"score":995,"play_id":"791d8a22-6942-4a4e-8ac4-93dec4c97af2","local_time":"20180303121333","is_prod":false,"is_daily":false,"is_ascension_mode":true,"campfire_upgraded":9,"timestamp":1520104413,"path_taken":["M","M","$","M","?","R","E","?","T","M","R","M","E","$","R","BOSS","M","$","?","M","?","R","E","?","T","M","R","?","R","?","R","BOSS","M","$","?","?","M","R","$","R","T","M","?","M","?","M","R","BOSS"],"build_version":"2018-03-01-PROD1","purchased_purges":3,"victory":true,"master_deck":["Survivor","Neutralize+1","Terror+1","Bane","Backstab","Bane","PiercingWail","Deflect","Cloak And Dagger","Flying Knee","Backflip","Bouncing Flask+1","Dagger Spray","Outmaneuver+1","Backflip+1","Caltrops","Dagger Throw","Reflex+1","After Image+1","Footwork+1","Catalyst+1","Expertise+1","Prepared+1","Writhe","Blade Dance+1","Calculated Gamble+1","Injury","Noxious Fumes","Backflip+1","Skewer","Writhe"],"max_hp_per_floor":[66,66,63,63,68,68,68,68,68,68,68,68,68,68,68,68,68,68,68,68,68,68,68,78,78,78,78,78,78,78,78,78,78,78,78,78,78,78,78,78,78,78,78,78,78,78,78,78,78,78],"relics":["Pandora\u0027s Box","Frozen Eye","Vajra","Kunai","Ectoplasm","War Paint","Pear","Bag of Preparation","Cursed Key","Red Mask","Peace Pipe"],"card_choices":[{"not_picked":["Acrobatics","Deflect"],"picked":"Dagger Spray"},{"not_picked":["Acrobatics","Underhanded Strike"],"picked":"Outmaneuver"},{"not_picked":["Underhanded Strike","Prepared"],"picked":"Backflip"},{"not_picked":["Underhanded Strike","Terror"],"picked":"Backflip"},{"not_picked":["Night Terror","Underhanded Strike"],"picked":"Caltrops"},{"not_picked":["Tools of the Trade","Die Die Die"],"picked":"After Image"},{"not_picked":["Sucker Punch","Acrobatics"],"picked":"Footwork"},{"not_picked":["Outmaneuver","Quick Slash"],"picked":"Prepared"},{"not_picked":["Underhanded Strike","Cloak And Dagger"],"picked":"Blade Dance"},{"not_picked":["Heel Hook","All Out Attack"],"picked":"Calculated Gamble"},{"not_picked":["Flying Knee","Backflip"],"picked":"Noxious Fumes"},{"not_picked":["Poisoned Stab","Heel Hook"],"picked":"Backflip"},{"not_picked":["Bane","Underhanded Strike"],"picked":"Skewer"}],"player_experience":485052,"potions_floor_usage":[50,50,50],"damage_taken":[{"damage":0.0,"enemies":"2 Louse","floor":1.0,"turns":2.0},{"damage":0.0,"enemies":"Small Slimes","floor":2.0,"turns":2.0},{"damage":0.0,"enemies":"Jaw Worm","floor":4.0,"turns":3.0},{"damage":0.0,"enemies":"Gremlin Nob","floor":7.0,"turns":2.0},{"damage":0.0,"enemies":"Gremlin Gang","floor":8.0,"turns":4.0},{"damage":3.0,"enemies":"Exordium Wildlife","floor":10.0,"turns":3.0},{"damage":20.0,"enemies":"Exordium Thugs","floor":12.0,"turns":3.0},{"damage":11.0,"enemies":"Lagavulin","floor":13.0,"turns":3.0},{"damage":17.0,"enemies":"Slime Boss","floor":16.0,"turns":10.0},{"damage":2.0,"enemies":"Chosen","floor":18.0,"turns":6.0},{"damage":19.0,"enemies":"2 Thieves","floor":21.0,"turns":3.0},{"damage":0.0,"enemies":"Gremlin Leader","floor":24.0,"turns":6.0},{"damage":6.0,"enemies":"3 Cultists","floor":25.0,"turns":5.0},{"damage":0.0,"enemies":"Centurion and Healer","floor":27.0,"turns":4.0},{"damage":4.0,"enemies":"Snake Plant","floor":31.0,"turns":4.0},{"damage":12.0,"enemies":"Automaton","floor":33.0,"turns":9.0},{"damage":0.0,"enemies":"Orb Walker","floor":35.0,"turns":3.0},{"damage":0.0,"enemies":"3 Darklings","floor":39.0,"turns":6.0},{"damage":7.0,"enemies":"Sphere and 2 Shapes","floor":44.0,"turns":5.0},{"damage":7.0,"enemies":"4 Shapes","floor":45.0,"turns":7.0},{"damage":0.0,"enemies":"Maw","floor":46.0,"turns":5.0},{"damage":11.0,"enemies":"3 Darklings","floor":48.0,"turns":6.0},{"damage":41,"enemies":"Time Eater","floor":50,"turns":8}],"event_choices":[{"event_name":"Big Fish","player_choice":"Donut","floor":5.0,"damage_taken":0.0},{"event_name":"Bonfire Elementals","player_choice":"COMMON","floor":20.0,"damage_taken":0.0},{"event_name":"The Mausoleum","player_choice":"Yes","floor":22.0,"damage_taken":0.0},{"event_name":"The Library","player_choice":"Heal","floor":29.0,"damage_taken":0.0},{"event_name":"Mysterious Sphere","player_choice":"Ignore","floor":37.0,"damage_taken":0.0},{"event_name":"Tomb of Lord Red Mask","player_choice":"Paid","floor":38.0,"damage_taken":0.0},{"event_name":"Winding Halls","player_choice":"Writhe","floor":47.0,"damage_taken":0.0}],"boss_relics":[],"potions_floor_spawned":[1,7,8,16,18,21,27,35,39,45],"seed_played":"3476697498038782014","ascension_level":15,"is_trial":false}