{"path_per_floor":["M","?","?","$","?","R","M","M","T","R","M","R","?","M","R","B",null,"M","$","M","?","?","R","M","R","T","M","?","R","$","M","R"],"character_chosen":"THE_SILENT","items_purchased":["Matryoshka","Kunai","Well Laid Plans"],"gold_per_floor":[110,285,360,31,31,31,50,66,120,120,138,138,138,149,149,249,249,267,23,30,30,30,30,48,48,73,83,83,83,14,33,33],"floor_reached":33,"campfire_rested":6,"playtime":942,"current_hp_per_floor":[50,50,39,39,39,39,18,14,14,35,35,56,70,70,70,41,63,38,38,24,24,24,45,19,40,40,20,20,41,41,33,54],"items_purged":["Doubt"],"gold":33,"score":317,"play_id":"7bed4ca5-fcd2-4675-9ae0-700b0df685a8","local_time":"20180322192118","is_prod":false,"is_daily":false,"is_ascension_mode":true,"campfire_upgraded":2,"timestamp":1521764478,"path_taken":["M","?","?","$","?","R","?","M","T","R","M","R","?","M","R","BOSS","M","$","?","?","?","R","M","R","T","M","?","R","?","M","R","BOSS"],"build_version":"2018-03-15v3","purchased_purges":1,"victory":false,"master_deck":["Defend_G","Defend_G","Defend_G","Defend_G","Defend_G","Strike_G","Strike_G","Strike_G","Strike_G","Survivor","Neutralize+1","Leg Sweep","Venomology","Endless Agony+1","Flying Knee","Backflip","Glass Knife","Choke","Adrenaline","Decay","Backflip","Blade Dance+1","Well Laid Plans"],"max_hp_per_floor":[70,70,70,70,70,70,70,70,70,70,70,70,70,70,70,70,70,70,70,70,70,70,70,70,70,70,70,70,70,70,72,72],"relics":["Question Card","Matryoshka","Letter Opener","Ancient Tea Set","Runic Dome","Kunai","Juzu Bracelet","Singing Bowl"],"card_choices":[{"not_picked":["Dodge and Roll","Escape Plan","Backflip"],"picked":"Leg Sweep"},{"not_picked":["Footwork","Predator","Bane"],"picked":"Endless Agony"},{"not_picked":["Cloak And Dagger","PiercingWail","Deadly Poison"],"picked":"Flying Knee"},{"not_picked":["Poisoned Stab","Storm of Steel","Sucker Punch"],"picked":"Backflip"},{"not_picked":["Die Die Die","Bullet Time","Phantasmal Killer"],"picked":"Glass Knife"},{"not_picked":["Deflect","Cloak And Dagger","Prepared"],"picked":"Choke"},{"not_picked":["Poisoned Stab","Backflip","Infinite Blades"],"picked":"Adrenaline"},{"not_picked":["Flechettes","Outmaneuver","Quick Slash"],"picked":"Backflip"},{"not_picked":["Slice","Poisoned Stab","Predator"],"picked":"Blade Dance"}],"player_experience":380065,"potions_floor_usage":[14,16,16,16,16,20,27,31,31,33,33,33],"damage_taken":[{"damage":13,"enemies":"Jaw Worm","floor":1,"turns":10},{"damage":21,"enemies":"2 Louse","floor":7,"turns":5},{"damage":4,"enemies":"Cultist","floor":8,"turns":5},{"damage":0,"enemies":"2 Fungi Beasts","floor":11,"turns":4},{"damage":0,"enemies":"3 Louse","floor":14,"turns":2},{"damage":29,"enemies":"Slime Boss","floor":16,"turns":11},{"damage":25,"enemies":"Chosen","floor":18,"turns":7},{"damage":14,"enemies":"2 Thieves","floor":20,"turns":4},{"damage":26,"enemies":"Snake Plant","floor":24,"turns":6},{"damage":20,"enemies":"Chosen and Byrds","floor":27,"turns":7},{"damage":10,"enemies":"Slaver and Parasite","floor":31,"turns":4},{"damage":59,"enemies":"Collector","floor":33,"turns":9}],"event_choices":[{"event_name":"Liars Game","player_choice":"agreed","floor":2,"damage_taken":0},{"event_name":"World of Goop","player_choice":"Gather Gold","floor":3,"damage_taken":0},{"event_name":"Transmorgrifier","player_choice":"Transform","floor":5,"damage_taken":0},{"event_name":"Big Fish","player_choice":"Banana","floor":13,"damage_taken":0},{"event_name":"Beggar","player_choice":"Ignored","floor":21,"damage_taken":0},{"event_name":"Forgotten Altar","player_choice":"Smashed Altar","floor":22,"damage_taken":0},{"event_name":"Drug Dealer","player_choice":"Ignored","floor":28,"damage_taken":0}],"boss_relics":[{"not_picked":["Calling Bell","Runic Pyramid"],"picked":"Runic Dome"}],"potions_floor_spawned":[8,11,14,16,18,24,31],"seed_played":"-5043176781517183939","killed_by":"Collector","ascension_level":7,"is_trial":false}