{"path_per_floor":["M","?","M","M","?","R","M","R","T","M","?","M","R","E","R","B",null,"M"],"character_chosen":"THE_SILENT","items_purchased":[],"gold_per_floor":[113,113,132,147,147,147,157,157,157,177,177,197,197,225,225,329,329,329],"floor_reached":19,"campfire_rested":1,"playtime":542,"current_hp_per_floor":[63,63,63,63,63,63,60,60,60,56,61,61,61,41,63,35,65,42],"items_purged":[],"gold":329,"score":222,"play_id":"eb405932-1507-4908-b93b-2fb9db063162","local_time":"20180317133151","is_prod":false,"is_daily":false,"is_ascension_mode":true,"campfire_upgraded":3,"timestamp":1521311511,"path_taken":["M","?","?","M","?","R","M","R","T","M","?","M","R","E","R","BOSS","M","M"],"build_version":"2018-03-15v2","purchased_purges":0,"victory":false,"master_deck":["Defend_G","Defend_G","Defend_G","Defend_G","Defend_G","Strike_G","Strike_G","Strike_G","Strike_G","Survivor","Neutralize+1","Flying Knee","Flechettes+1","Footwork","Quick Slash","Escape Plan","PiercingWail","Caltrops+1","Outmaneuver","Night Terror","Calculated Gamble+1","Acrobatics"],"max_hp_per_floor":[70,70,70,70,70,70,70,70,70,70,75,75,75,75,75,75,75,75],"relics":["Ring of the Snake","NeowsBlessing","Ginger","Oddly Smooth Stone","Ectoplasm"],"card_choices":[{"not_picked":["Deadly Poison","PiercingWail"],"picked":"Flying Knee"},{"not_picked":["A Thousand Cuts","PiercingWail"],"picked":"Flechettes"},{"not_picked":["Flying Knee","Deflect"],"picked":"Footwork"},{"not_picked":["Bouncing Flask","Dagger Throw"],"picked":"Escape Plan"},{"not_picked":["Wraith Form","Deflect"],"picked":"PiercingWail"},{"not_picked":["Flying Knee","Flechettes"],"picked":"Caltrops"},{"not_picked":["Flechettes","Doppelganger"],"picked":"Outmaneuver"},{"not_picked":["Corpse Explosion","Tactician"],"picked":"Night Terror"},{"not_picked":["Prepared","Eviscerate"],"picked":"Calculated Gamble"},{"not_picked":["Sucker Punch","Choke"],"picked":"Acrobatics"}],"player_experience":361150,"potions_floor_usage":[12,14,18],"damage_taken":[{"damage":0,"enemies":"Small Slimes","floor":1,"turns":1},{"damage":0,"enemies":"2 Louse","floor":3,"turns":1},{"damage":0,"enemies":"Cultist","floor":4,"turns":1},{"damage":3,"enemies":"3 Louse","floor":7,"turns":2},{"damage":4,"enemies":"Red Slaver","floor":10,"turns":3},{"damage":0,"enemies":"Gremlin Gang","floor":12,"turns":3},{"damage":20,"enemies":"Lagavulin","floor":14,"turns":9},{"damage":28,"enemies":"Hexaghost","floor":16,"turns":10},{"damage":23,"enemies":"Spheric Guardian","floor":18,"turns":6},{"damage":36,"enemies":"Chosen","floor":19,"turns":7}],"event_choices":[{"event_name":"Liars Game","player_choice":"disagreed","floor":2,"damage_taken":0},{"event_name":"Transmorgrifier","player_choice":"Transform","floor":5,"damage_taken":0},{"event_name":"Big Fish","player_choice":"Donut","floor":11,"damage_taken":0}],"boss_relics":[{"not_picked":["White Beast Statue","Snecko Eye"],"picked":"Ectoplasm"}],"potions_floor_spawned":[7,10,12,14,16,19],"seed_played":"7029268951728807355","killed_by":"Chosen","ascension_level":6,"is_trial":false}