{"path_per_floor":["M","M","?","$","M","R","?","R","T","R","M","?","E","M","R"],"character_chosen":"THE_SILENT","items_purchased":[],"gold_per_floor":[112,124,124,49,59,59,59,59,59,59,75,150,194,209,209,209],"floor_reached":16,"campfire_rested":2,"playtime":396,"current_hp_per_floor":[36,34,34,34,34,55,55,55,55,55,44,33,9,5,24,0],"items_purged":["Pain"],"gold":209,"score":135,"play_id":"c7237bd5-d320-41b3-9d3e-c7c085b1dffa","local_time":"20180323073458","is_prod":false,"is_daily":false,"is_ascension_mode":true,"campfire_upgraded":1,"timestamp":1521808498,"path_taken":["M","M","?","$","?","R","?","R","T","R","M","?","E","M","R","BOSS"],"build_version":"2018-03-22","purchased_purges":1,"victory":false,"master_deck":["Defend_G","Defend_G","Defend_G","Defend_G","Defend_G","Strike_G","Strike_G","Strike_G","Strike_G","Strike_G","Survivor","Neutralize+1","Normality","Writhe","Blade Dance","Dagger Spray","Backflip","Endless Agony","Leg Sweep","Adrenaline"],"max_hp_per_floor":[70,70,70,70,70,70,65,65,65,65,65,65,65,65,65,65],"relics":["Calling Bell","Oddly Smooth Stone","Bag of Marbles","Unceasing Top","Golden Idol","Girya","Ice Cream"],"card_choices":[{"not_picked":["Envenom","Acrobatics"],"picked":"Blade Dance","floor":1},{"not_picked":["Underhanded Strike","Blur"],"picked":"Dagger Spray","floor":2},{"not_picked":["Sucker Punch","PiercingWail"],"picked":"Backflip","floor":5},{"not_picked":["PiercingWail","Deadly Poison"],"picked":"Endless Agony","floor":11},{"not_picked":["Underhanded Strike","Backflip"],"picked":"Leg Sweep","floor":13},{"not_picked":["Prepared","Crippling Poison"],"picked":"Adrenaline","floor":14}],"player_experience":381862,"potions_floor_usage":[16],"damage_taken":[{"damage":27,"enemies":"Cultist","floor":1,"turns":6},{"damage":2,"enemies":"2 Louse","floor":2,"turns":3},{"damage":0,"enemies":"Small Slimes","floor":5,"turns":3},{"damage":11,"enemies":"Looter","floor":11,"turns":3},{"damage":24,"enemies":"3 Sentries","floor":13,"turns":8},{"damage":4,"enemies":"3 Louse","floor":14,"turns":4},{"damage":24,"enemies":"Hexaghost","floor":16,"turns":9}],"event_choices":[{"event_name":"Scrap Ooze","player_choice":"unsuccessful","floor":3,"damage_taken":0},{"event_name":"Golden Idol","player_choice":"Lose Max HP","floor":7,"damage_taken":0},{"event_name":"World of Goop","player_choice":"Gather Gold","floor":12,"damage_taken":0}],"boss_relics":[],"potions_floor_spawned":[5,14],"seed_played":"-395574454372109090","killed_by":"Hexaghost","ascension_level":7,"is_trial":false}