{"path_per_floor":["M","M","?","M","$","R","?","M","T","E","R","M","M","M","R","B",null,"M","M","$","M","?","R","M"],"character_chosen":"THE_SILENT","items_purchased":["Noxious Fumes","Dramatic Entrance"],"gold_per_floor":[114,132,82,93,93,93,93,108,108,169,169,180,191,204,204,299,299,224,224,10,10,10,10,10,10],"floor_reached":25,"campfire_rested":2,"playtime":1090,"current_hp_per_floor":[54,50,50,50,50,50,50,50,50,35,35,19,19,14,35,27,59,45,35,35,15,15,36,29,0],"items_purged":["Strike_G"],"gold":10,"score":279,"play_id":"7e3cfd5b-75db-4822-a2de-95f2208f46ea","local_time":"20180329191945","is_prod":false,"is_daily":false,"is_ascension_mode":true,"campfire_upgraded":2,"timestamp":1522365585,"path_taken":["M","M","?","M","?","R","?","M","T","E","R","?","M","M","R","BOSS","M","M","$","M","?","R","?","E"],"build_version":"2018-03-22v2","purchased_purges":1,"victory":false,"master_deck":["Defend_G","Defend_G","Defend_G","Defend_G","Defend_G","Strike_G","Strike_G","Survivor","Neutralize","Finisher","Footwork+1","Backflip+1","Blur","Riddle With Holes","Cloak And Dagger","Cloak And Dagger","Die Die Die","Leg Sweep","Noxious Fumes","Dramatic Entrance","Quick Slash","Backflip"],"max_hp_per_floor":[70,70,70,70,70,70,70,70,70,70,70,70,70,70,70,70,70,70,70,70,70,70,70,70,70],"relics":["Lizard Tail","Smiling Mask","Tiny Chest","Ectoplasm"],"card_choices":[{"not_picked":["Flying Knee","Acrobatics"],"picked":"Finisher","floor":1},{"not_picked":["Sucker Punch","Endless Agony"],"picked":"Footwork","floor":2},{"not_picked":["Prepared","Predator"],"picked":"Backflip","floor":4},{"not_picked":["Phantasmal Killer","Bane"],"picked":"Blur","floor":8},{"not_picked":["Dodge and Roll","Acrobatics"],"picked":"Riddle With Holes","floor":10},{"not_picked":["Bouncing Flask","Sucker Punch"],"picked":"Cloak And Dagger","floor":12},{"not_picked":["Slice","Storm of Steel"],"picked":"Cloak And Dagger","floor":14},{"not_picked":["Corpse Explosion","Wraith Form"],"picked":"Die Die Die","floor":16},{"not_picked":["Underhanded Strike","Crippling Poison"],"picked":"Leg Sweep","floor":19},{"not_picked":["Prepared","Acrobatics"],"picked":"Quick Slash","floor":21},{"not_picked":["Catalyst","Endless Agony"],"picked":"Backflip","floor":24}],"player_experience":463531,"potions_floor_usage":[10,16,18,18,25,25],"damage_taken":[{"damage":9,"enemies":"2 Louse","floor":1,"turns":3},{"damage":4,"enemies":"Small Slimes","floor":2,"turns":4},{"damage":0,"enemies":"Cultist","floor":4,"turns":4},{"damage":0,"enemies":"Blue Slaver","floor":8,"turns":6},{"damage":61,"enemies":"Gremlin Nob","floor":10,"turns":7},{"damage":16,"enemies":"Gremlin Gang","floor":12,"turns":8},{"damage":0,"enemies":"Exordium Thugs","floor":13,"turns":6},{"damage":5,"enemies":"Looter","floor":14,"turns":4},{"damage":8,"enemies":"The Guardian","floor":16,"turns":20},{"damage":14,"enemies":"2 Thieves","floor":18,"turns":4},{"damage":10,"enemies":"Chosen","floor":19,"turns":8},{"damage":20,"enemies":"Snake Plant","floor":21,"turns":9},{"damage":7,"enemies":"Centurion and Healer","floor":24,"turns":11},{"damage":29,"enemies":"Slavers","floor":25,"turns":1}],"event_choices":[{"event_name":"The Cleric","player_choice":"Card Removal","floor":3,"damage_taken":0},{"event_name":"Bonfire Elementals","player_choice":"BASIC","floor":7,"damage_taken":0},{"event_name":"Cursed Tome","player_choice":"Ignored","floor":22,"damage_taken":0}],"boss_relics":[{"not_picked":["The Specimen","Tiny House"],"picked":"Ectoplasm"}],"potions_floor_spawned":[4,8,12,14,16,21],"seed_played":"-8934517163998214408","killed_by":"Slavers","ascension_level":7,"is_trial":false}