{"path_per_floor":["M","M","M","M","?","R","$","R","T","M","$","M","?","M","R","B",null],"character_chosen":"THE_SILENT","items_purchased":["Anchor"],"gold_per_floor":[112,129,144,163,163,163,17,17,17,27,27,44,74,93,93,191,191,191],"floor_reached":18,"campfire_rested":0,"playtime":657,"current_hp_per_floor":[56,54,53,48,48,48,48,48,48,48,48,41,41,40,40,13,51,0],"items_purged":[],"gold":191,"score":208,"play_id":"f931971f-c06a-485f-ac2e-ffb1362b40ab","local_time":"20180402223236","is_prod":false,"is_daily":false,"is_ascension_mode":true,"campfire_upgraded":3,"timestamp":1522722756,"path_taken":["M","M","M","M","?","R","?","R","T","M","$","M","?","M","R","BOSS","M"],"build_version":"2018-03-29v2","purchased_purges":0,"victory":false,"master_deck":["Defend_G","Defend_G","Defend_G","Defend_G","Defend_G","Strike_G","Strike_G","Strike_G","Strike_G","Strike_G","Survivor","Neutralize","Flying Knee+1","Dagger Spray+1","PiercingWail","Predator+1","Backstab"],"max_hp_per_floor":[63,63,63,63,63,63,63,63,63,63,63,63,63,63,63,63,63,63],"relics":["Ring of the Snake","Calipers","Anchor","Du-Vu Doll","Regal Pillow","Snecko Eye"],"card_choices":[{"not_picked":["Endless Agony","Expertise"],"picked":"Flying Knee","floor":2},{"not_picked":["Distraction","Prepared"],"picked":"Dagger Spray","floor":3},{"not_picked":["Dodge and Roll","Dagger Spray"],"picked":"PiercingWail","floor":4},{"not_picked":["Flying Knee","Endless Agony"],"picked":"Predator","floor":12},{"not_picked":["Acrobatics","Outmaneuver"],"picked":"Backstab","floor":14}],"player_experience":489888,"potions_floor_usage":[16],"damage_taken":[{"damage":7,"enemies":"Small Slimes","floor":1,"turns":4},{"damage":2,"enemies":"Jaw Worm","floor":2,"turns":7},{"damage":1,"enemies":"Cultist","floor":3,"turns":3},{"damage":5,"enemies":"Large Slime","floor":4,"turns":7},{"damage":0,"enemies":"2 Fungi Beasts","floor":10,"turns":4},{"damage":7,"enemies":"Red Slaver","floor":12,"turns":5},{"damage":1,"enemies":"Exordium Thugs","floor":14,"turns":7},{"damage":27,"enemies":"Slime Boss","floor":16,"turns":12},{"damage":57,"enemies":"Spheric Guardian","floor":18,"turns":5}],"event_choices":[{"event_name":"Liars Game","player_choice":"disagreed","floor":5,"damage_taken":0},{"event_name":"Dead Adventurer","player_choice":"Searched \u00272\u0027 times","floor":13,"damage_taken":0}],"boss_relics":[{"not_picked":["Cursed Key","White Beast Statue"],"picked":"Snecko Eye"}],"potions_floor_spawned":[3,12,16],"seed_played":"-1490307246563229791","killed_by":"Spheric Guardian","ascension_level":7,"is_trial":false}