{"path_per_floor":["M","M","$","?","M","R","M","R","T","R","E","?","M","?","R","B",null,"M","M","$","M","?","R","M","?","T","M","M","M","?"],"character_chosen":"THE_SILENT","items_purchased":["Jack Of All Trades","Bag of Marbles"],"gold_per_floor":[119,129,30,30,46,46,60,60,60,60,93,58,74,74,74,170,170,182,200,49,62,62,62,73,73,125,145,162,178,178,178],"floor_reached":31,"campfire_rested":1,"playtime":1122,"current_hp_per_floor":[63,57,57,57,58,58,47,47,47,47,27,44,47,70,70,38,62,56,28,28,27,27,56,54,38,38,21,21,4,4,0],"items_purged":[],"gold":178,"score":323,"play_id":"80a7e39d-6bda-440a-abc7-238e41114a20","local_time":"20180329092531","is_prod":false,"is_daily":false,"is_ascension_mode":true,"campfire_upgraded":4,"timestamp":1522329931,"path_taken":["M","M","$","?","M","R","M","R","T","R","E","?","?","?","R","BOSS","M","M","?","M","?","R","M","?","T","M","?","M","?","M"],"build_version":"2018-03-22v2","purchased_purges":0,"victory":false,"master_deck":["Defend_G","Defend_G","Defend_G","Defend_G","Defend_G","Strike_G","Strike_G","Strike_G","Strike_G","Survivor+1","Neutralize","Dagger Spray","PiercingWail+1","Jack Of All Trades+1","Skewer+1","Dagger Throw+1","Glass Knife+1","Die Die Die","Noxious Fumes+1","Malaise","Sucker Punch+1","Bane","Escape Plan","Cloak And Dagger+1","Decay"],"max_hp_per_floor":[70,70,70,70,70,70,70,70,70,70,70,70,70,70,70,70,70,70,70,70,70,70,70,70,70,70,70,70,70,70,70],"relics":["The Specimen","Ginger","War Paint","Eternal Feather","Bag of Marbles","Enchiridion","Bronze Scales"],"card_choices":[{"not_picked":["Caltrops","Deadly Poison"],"picked":"Dagger Spray","floor":1},{"not_picked":["Outmaneuver","Dagger Throw"],"picked":"PiercingWail","floor":2},{"not_picked":["Underhanded Strike","Deflect"],"picked":"Dagger Throw","floor":5},{"not_picked":["Slice","Infinite Blades"],"picked":"Glass Knife","floor":13},{"not_picked":["Corpse Explosion","Unload"],"picked":"Die Die Die","floor":16},{"not_picked":["Riddle With Holes","Outmaneuver"],"picked":"Noxious Fumes","floor":18},{"not_picked":["Underhanded Strike","Endless Agony"],"picked":"Malaise","floor":19},{"not_picked":["Flying Knee","Slice"],"picked":"Sucker Punch","floor":21},{"not_picked":["Flying Knee","Acrobatics"],"picked":"Bane","floor":24},{"not_picked":["Prepared","Dodge and Roll"],"picked":"Escape Plan","floor":28},{"not_picked":["Bane","Skewer"],"picked":"Cloak And Dagger","floor":29}],"player_experience":462409,"potions_floor_usage":[24,29,31],"damage_taken":[{"damage":0,"enemies":"2 Louse","floor":1,"turns":4},{"damage":6,"enemies":"Small Slimes","floor":2,"turns":4},{"damage":3,"enemies":"Cultist","floor":5,"turns":4},{"damage":11,"enemies":"3 Louse","floor":7,"turns":4},{"damage":20,"enemies":"3 Sentries","floor":11,"turns":7},{"damage":1,"enemies":"Looter","floor":13,"turns":4},{"damage":32,"enemies":"Slime Boss","floor":16,"turns":10},{"damage":6,"enemies":"Chosen","floor":18,"turns":4},{"damage":28,"enemies":"2 Thieves","floor":19,"turns":4},{"damage":1,"enemies":"3 Cultists","floor":21,"turns":4},{"damage":2,"enemies":"Centurion and Healer","floor":24,"turns":3},{"damage":17,"enemies":"Slaver and Parasite","floor":27,"turns":6},{"damage":0,"enemies":"Snake Plant","floor":28,"turns":2},{"damage":17,"enemies":"Snecko","floor":29,"turns":4},{"damage":6,"enemies":"Centurion and Healer","floor":31,"turns":1}],"event_choices":[{"event_name":"Living Wall","player_choice":"Change","floor":4,"damage_taken":0},{"event_name":"The Cleric","player_choice":"Healed","floor":12,"damage_taken":0},{"event_name":"Big Fish","player_choice":"Banana","floor":14,"damage_taken":0},{"event_name":"Upgrade Shrine","player_choice":"Upgraded","floor":22,"damage_taken":0},{"event_name":"Cursed Tome","player_choice":"Obtained Book","floor":25,"damage_taken":0},{"event_name":"Forgotten Altar","player_choice":"Smashed Altar","floor":30,"damage_taken":0}],"boss_relics":[{"not_picked":["Calling Bell","Runic Pyramid"],"picked":"Eternal Feather"}],"potions_floor_spawned":[1,11,13,19,24,28],"seed_played":"-8330855459928155272","killed_by":"Centurion and Healer","ascension_level":7,"is_trial":false}