{"path_per_floor":["M","?","M","M","M","R","E","$","T","E","M","E","R","E","R","B",null,"M","?","?","?","$","R","$","R","T","M","M","T","?","M","R","B",null,"M","$","?","?","?","R","?","R","T","$"],"character_chosen":"THE_SILENT","items_purchased":["Matryoshka","Noxious Fumes","Whetstone","Deadly Poison","Apotheosis","Sadistic Nature"],"gold_per_floor":[368,368,385,395,414,414,446,93,116,148,163,195,195,225,225,330,330,342,542,542,542,232,232,38,38,111,127,143,143,143,160,160,261,261,274,44,44,44,44,44,0,0,27,27,27],"floor_reached":45,"campfire_rested":3,"playtime":1677,"current_hp_per_floor":[54,54,54,50,49,49,33,33,40,35,27,10,31,22,43,19,72,72,72,50,50,50,50,50,50,50,50,50,50,50,45,45,48,60,54,54,46,46,46,46,46,60,60,60,0],"items_purged":["Strike_G","Defend_G","Bite"],"gold":27,"score":525,"play_id":"336dad98-bb3a-4396-a35a-b082003e04d8","local_time":"20180408165527","is_prod":false,"is_daily":false,"is_ascension_mode":true,"campfire_upgraded":3,"timestamp":1523199327,"path_taken":["M","?","M","?","M","R","E","$","T","E","M","E","R","E","R","BOSS","M","?","?","?","$","R","?","R","T","?","M","?","?","M","R","BOSS","M","$","?","?","?","R","?","R","T","$","E"],"build_version":"2018-04-05v2","purchased_purges":3,"victory":false,"master_deck":["Defend_G","Defend_G","Defend_G","Survivor","Neutralize","Bane+1","Skewer","Deadly Poison","Flying Knee+1","Bane","Noxious Fumes","Outmaneuver+1","Blur","Cloak And Dagger","After Image+1","Backflip+1","Bite","Bite+1","Bite","Deadly Poison","Apotheosis+1","Backstab","Cloak And Dagger+1","Escape Plan","Predator","Choke","Sadistic Nature","Madness","Madness","Prepared+1"],"max_hp_per_floor":[63,63,63,63,63,63,63,63,70,70,72,72,72,72,72,72,72,72,72,50,50,50,50,50,50,50,50,50,50,50,52,52,54,60,60,60,60,60,60,60,60,60,60,60,60],"relics":["Ring of the Snake","Gremlin Horn","Matryoshka","Singing Bowl","Strawberry","Art of War","Pen Nib","Omamori","Sozu","Thread and Needle","Whetstone","Dream Catcher","Smiling Mask","Peace Pipe","Orrery","Red Mask","Lantern"],"card_choices":[{"not_picked":["Prepared","Quick Slash"],"picked":"Bane","floor":1},{"not_picked":["Bane","Reflex"],"picked":"Deadly Poison","floor":3},{"not_picked":["PiercingWail","Acrobatics"],"picked":"Flying Knee","floor":4},{"not_picked":["Outmaneuver","Dash"],"picked":"Bane","floor":5},{"not_picked":["Flying Knee","Dodge and Roll"],"picked":"Well Laid Plans","floor":7},{"not_picked":["Skewer","Backflip"],"picked":"Outmaneuver","floor":10},{"not_picked":["Underhanded Strike","Die Die Die"],"picked":"Blur","floor":12},{"not_picked":["Quick Slash","Outmaneuver"],"picked":"Cloak And Dagger","floor":14},{"not_picked":["Corpse Explosion","Unload"],"picked":"After Image","floor":16},{"not_picked":["PiercingWail","Flying Knee"],"picked":"Backflip","floor":18},{"not_picked":["Deadly Poison","Flechettes"],"picked":"Backstab","floor":27},{"not_picked":["Dagger Spray","Slice"],"picked":"Cloak And Dagger","floor":28},{"not_picked":["Backflip","Reflex"],"picked":"Escape Plan","floor":34},{"not_picked":["Masterful Stab","Dagger Throw"],"picked":"Predator","floor":34},{"not_picked":["Setup","Concentrate"],"picked":"Choke","floor":35},{"not_picked":["Dagger Spray","All Out Attack"],"picked":"Prepared","floor":42}],"player_experience":368559,"potions_floor_usage":[11,12,14,16,28],"damage_taken":[{"damage":9,"enemies":"Jaw Worm","floor":1,"turns":8},{"damage":0,"enemies":"Cultist","floor":3,"turns":3},{"damage":4,"enemies":"Small Slimes","floor":4,"turns":3},{"damage":1,"enemies":"Looter","floor":5,"turns":3},{"damage":16,"enemies":"3 Sentries","floor":7,"turns":10},{"damage":5,"enemies":"Gremlin Nob","floor":10,"turns":3},{"damage":10,"enemies":"Exordium Thugs","floor":11,"turns":4},{"damage":17,"enemies":"Lagavulin","floor":12,"turns":4},{"damage":9,"enemies":"3 Sentries","floor":14,"turns":5},{"damage":24,"enemies":"Slime Boss","floor":16,"turns":11},{"damage":0,"enemies":"Spheric Guardian","floor":18,"turns":3},{"damage":2,"enemies":"2 Thieves","floor":27,"turns":4},{"damage":0,"enemies":"Snecko","floor":28,"turns":2},{"damage":13,"enemies":"Centurion and Healer","floor":31,"turns":5},{"damage":19,"enemies":"Collector","floor":33,"turns":8},{"damage":8,"enemies":"3 Shapes","floor":35,"turns":4},{"damage":77,"enemies":"Giant Head","floor":45,"turns":7}],"event_choices":[{"event_name":"Transmorgrifier","player_choice":"Transform","floor":2,"damage_taken":0},{"event_name":"Wheel of Change","player_choice":"Gold","floor":19,"damage_taken":0},{"event_name":"Vampires","player_choice":"Became a vampire","floor":20,"damage_taken":0},{"event_name":"The Mausoleum","player_choice":"Yes","floor":21,"damage_taken":0},{"event_name":"Upgrade Shrine","player_choice":"Upgraded","floor":30,"damage_taken":0},{"event_name":"Winding Halls","player_choice":"Embrace Madness","floor":37,"damage_taken":0},{"event_name":"Match and Keep!","player_choice":"0 cards matched","floor":39,"damage_taken":0},{"event_name":"Tomb of Lord Red Mask","player_choice":"Paid","floor":41,"damage_taken":0}],"boss_relics":[{"not_picked":["Lizard Tail","Runic Dome"],"picked":"Sozu"},{"not_picked":["Snecko Eye","Black Star"],"picked":"Orrery"}],"potions_floor_spawned":[3,4,7,12,14,33],"seed_played":"2320326016799816335","killed_by":"Giant Head","ascension_level":3,"is_trial":false}