{"path_per_floor":["M","?","?","?","M","R","$","M","T","$","R","M","R","E","R","B",null,"M","?","M","M","M","R","$","R","T","E","M","$","M","M","R","B",null,"M","$","M","M","M","R","M","?","T","R","M","T","M","M","R","B"],"character_chosen":"THE_SILENT","items_purchased":["Bouncing Flask","Acrobatics"],"gold_per_floor":[118,118,118,118,135,135,62,74,74,74,74,85,85,113,113,214,214,169,169,169,169,169,169,47,47,47,47,47,47,47,47,47,47,47,47,47,47,47,47,47,47,0,0,0,0,0,0,0,0,0],"floor_reached":51,"campfire_rested":3,"playtime":2171,"current_hp_per_floor":[63,63,68,68,68,68,68,68,68,68,68,62,62,52,52,51,69,52,52,52,42,42,42,42,64,64,48,38,38,47,43,43,48,68,68,68,49,49,39,61,49,49,49,49,37,37,30,22,44,39],"items_purged":["Strike_G"],"gold":0,"score":957,"play_id":"f3f83561-5b23-44cc-b9dd-6b38fa8841c4","local_time":"20180408143518","is_prod":false,"is_daily":false,"is_ascension_mode":true,"campfire_upgraded":5,"timestamp":1523216118,"path_taken":["M","?","?","?","?","R","?","M","T","$","R","M","R","E","R","BOSS","M","?","M","M","M","R","$","R","T","E","M","$","M","M","R","BOSS","M","?","M","?","M","R","M","?","T","R","M","?","M","M","R","BOSS"],"build_version":"2018-04-05v2","purchased_purges":1,"victory":true,"master_deck":["Defend_G","Defend_G","Defend_G","Defend_G","Strike_G","Strike_G","Strike_G","Survivor","Neutralize","Riddle With Holes","A Thousand Cuts+1","Bouncing Flask+1","Bouncing Flask+1","Concentrate","Bullet Time","Crippling Poison+1","After Image+1","Blur+1","Acrobatics","Skewer","Acrobatics","Bullet Time","Malaise+1","Catalyst+1","Riddle With Holes+1","Bouncing Flask","Crippling Poison+1","Expertise+1","Reflex+1"],"max_hp_per_floor":[70,70,75,75,75,75,75,75,75,75,75,75,75,75,75,75,75,75,75,75,75,75,75,75,75,75,75,75,75,75,75,75,75,75,75,75,75,75,75,75,75,75,75,75,75,75,75,75,75,75],"relics":["Snecko Eye","Ginger","Pantograph","Ectoplasm","Shovel","Pen Nib","Frozen Egg 2","Runic Dome","Red Mask","Prayer Wheel","Vajra","Bronze Scales"],"card_choices":[{"not_picked":["Outmaneuver","Dagger Spray"],"picked":"Riddle With Holes","floor":1},{"not_picked":["Slice","Dagger Spray"],"picked":"Bouncing Flask","floor":5},{"not_picked":["Cloak And Dagger","Prepared"],"picked":"Concentrate","floor":8},{"not_picked":["Backflip","Quick Slash"],"picked":"Bullet Time","floor":12},{"not_picked":["Dagger Throw","Deflect"],"picked":"Crippling Poison","floor":14},{"not_picked":["Unload","Venomology"],"picked":"After Image","floor":16},{"not_picked":["Well Laid Plans","Dagger Spray"],"picked":"Blur","floor":21},{"not_picked":["Outmaneuver","Distraction"],"picked":"Skewer","floor":27},{"not_picked":["Backflip","Distraction"],"picked":"Acrobatics","floor":31},{"not_picked":["Grand Finale","Storm of Steel"],"picked":"Bullet Time","floor":33},{"not_picked":["Bane","Well Laid Plans"],"picked":"Malaise","floor":35},{"not_picked":["Distraction","Deadly Poison"],"picked":"Catalyst","floor":37},{"not_picked":["Dodge and Roll","Dagger Throw"],"picked":"Riddle With Holes","floor":38},{"not_picked":["Deflect","Leg Sweep"],"picked":"Bouncing Flask","floor":39},{"not_picked":["Blur","All Out Attack"],"picked":"Crippling Poison","floor":45},{"not_picked":["Finisher","Setup"],"picked":"Expertise","floor":46},{"not_picked":["Setup","Quick Slash"],"picked":"Reflex","floor":48}],"player_experience":440784,"potions_floor_usage":[27,27,30,39,50],"damage_taken":[{"damage":0,"enemies":"2 Louse","floor":1,"turns":3},{"damage":0,"enemies":"Cultist","floor":5,"turns":3},{"damage":0,"enemies":"Jaw Worm","floor":8,"turns":3},{"damage":6,"enemies":"Looter","floor":12,"turns":3},{"damage":10,"enemies":"Lagavulin","floor":14,"turns":3},{"damage":24,"enemies":"Hexaghost","floor":16,"turns":6},{"damage":17,"enemies":"2 Thieves","floor":18,"turns":3},{"damage":0,"enemies":"3 Byrds","floor":20,"turns":3},{"damage":10,"enemies":"Snake Plant","floor":21,"turns":3},{"damage":0,"enemies":"Chosen and Byrds","floor":22,"turns":5},{"damage":22,"enemies":"Gremlin Leader","floor":27,"turns":5},{"damage":10,"enemies":"Cultist and Chosen","floor":28,"turns":4},{"damage":0,"enemies":"Sentry and Sphere","floor":30,"turns":3},{"damage":4,"enemies":"Snecko","floor":31,"turns":4},{"damage":20,"enemies":"Champ","floor":33,"turns":8},{"damage":0,"enemies":"Orb Walker","floor":35,"turns":3},{"damage":19,"enemies":"3 Darklings","floor":37,"turns":4},{"damage":0,"enemies":"Sphere and 2 Shapes","floor":38,"turns":3},{"damage":10,"enemies":"4 Shapes","floor":39,"turns":5},{"damage":12,"enemies":"Maw","floor":41,"turns":5},{"damage":12,"enemies":"3 Darklings","floor":45,"turns":3},{"damage":7,"enemies":"4 Shapes","floor":47,"turns":3},{"damage":8,"enemies":"Maw","floor":48,"turns":5},{"damage":30,"enemies":"Time Eater","floor":50,"turns":10}],"event_choices":[{"event_name":"Purifier","player_choice":"One Purge","floor":2,"damage_taken":0},{"event_name":"Big Fish","player_choice":"Donut","floor":3,"damage_taken":0},{"event_name":"Living Wall","player_choice":"Change","floor":4,"damage_taken":0},{"event_name":"Vampires","player_choice":"Ignored","floor":19,"damage_taken":0},{"event_name":"Tomb of Lord Red Mask","player_choice":"Paid","floor":42,"damage_taken":0}],"boss_relics":[{"not_picked":["White Beast Statue","Eternal Feather"],"picked":"Ectoplasm"},{"not_picked":["Runic Pyramid","Tiny House"],"picked":"Runic Dome"}],"potions_floor_spawned":[8,16,21,22,28,33,39,41,48],"seed_played":"-3569160864584532274","ascension_level":8,"is_trial":false}