{"path_per_floor":["M","M","M","M","M","R","M","R","T","?","M","R","$","M","R","B",null,"M","M","$","M"],"character_chosen":"THE_SILENT","items_purchased":["Infinite Blades","Burst","Wraith Form v2","Escape Plan"],"gold_per_floor":[113,131,148,158,168,168,185,185,208,208,219,219,79,96,96,199,199,211,231,79,89,89],"floor_reached":22,"campfire_rested":4,"playtime":1717,"current_hp_per_floor":[68,59,50,31,15,36,30,51,51,51,28,49,49,44,65,38,70,47,21,21,4,0],"items_purged":[],"gold":89,"score":182,"play_id":"b695eec7-55df-4890-acd5-b5fc4971b3a3","local_time":"20180413224403","is_prod":false,"is_daily":false,"chose_seed":false,"is_ascension_mode":false,"campfire_upgraded":0,"timestamp":1523673843,"path_taken":["M","M","M","M","M","R","M","R","T","?","M","R","$","M","R","BOSS","M","M","$","M","?"],"build_version":"2018-04-12","seed_source_timestamp":25993539608659,"purchased_purges":0,"victory":false,"master_deck":["Defend_G","Defend_G","Defend_G","Defend_G","Strike_G","Strike_G","Strike_G","Survivor","Neutralize","Noxious Fumes","Outmaneuver","Flying Knee","Dagger Spray","Dash","Distraction","Dagger Spray","Infinite Blades","Burst","Outmaneuver","Burst","Endless Agony+1","Footwork+1","Unload+1","Backstab","Poisoned Stab","Wraith Form v2","Escape Plan","Leg Sweep"],"max_hp_per_floor":[70,70,70,70,70,70,70,70,70,70,70,70,70,70,70,70,70,70,70,70,70,70],"relics":["Ring of the Snake","Bronze Scales","Bag of Marbles","Astrolabe"],"card_choices":[{"not_picked":["Finisher","Sucker Punch"],"picked":"Noxious Fumes","floor":1},{"not_picked":["Sucker Punch","Deadly Poison"],"picked":"Outmaneuver","floor":2},{"not_picked":["Poisoned Stab","Backflip"],"picked":"Flying Knee","floor":3},{"not_picked":["Prepared","Sucker Punch"],"picked":"Dagger Spray","floor":4},{"not_picked":["Leg Sweep","Underhanded Strike"],"picked":"Dash","floor":5},{"not_picked":["Well Laid Plans","Endless Agony"],"picked":"Distraction","floor":7},{"not_picked":["Slice","Choke"],"picked":"Dagger Spray","floor":11},{"not_picked":["Slice","Underhanded Strike"],"picked":"Outmaneuver","floor":14},{"not_picked":["Venomology","Glass Knife"],"picked":"Burst","floor":16},{"not_picked":["Endless Agony","All Out Attack"],"picked":"Backstab","floor":18},{"not_picked":["Prepared","Crippling Poison"],"picked":"Poisoned Stab","floor":19},{"not_picked":["Sucker Punch","Flying Knee"],"picked":"Leg Sweep","floor":21}],"player_experience":17223,"potions_floor_usage":[16],"damage_taken":[{"damage":2,"enemies":"Cultist","floor":1,"turns":4},{"damage":9,"enemies":"2 Louse","floor":2,"turns":3},{"damage":9,"enemies":"Jaw Worm","floor":3,"turns":7},{"damage":19,"enemies":"Gremlin Gang","floor":4,"turns":5},{"damage":16,"enemies":"Blue Slaver","floor":5,"turns":4},{"damage":6,"enemies":"2 Fungi Beasts","floor":7,"turns":3},{"damage":23,"enemies":"Gremlin Gang","floor":11,"turns":3},{"damage":5,"enemies":"Blue Slaver","floor":14,"turns":3},{"damage":27,"enemies":"The Guardian","floor":16,"turns":11},{"damage":23,"enemies":"3 Byrds","floor":18,"turns":3},{"damage":26,"enemies":"Spheric Guardian","floor":19,"turns":6},{"damage":17,"enemies":"Centurion and Healer","floor":21,"turns":6},{"damage":4,"enemies":"Slaver and Parasite","floor":22,"turns":1}],"event_choices":[{"event_name":"Dead Adventurer","player_choice":"Searched \u00271\u0027 times","floor":10,"damage_taken":0}],"boss_relics":[{"not_picked":["Tiny House","Velvet Choker"],"picked":"Astrolabe"}],"potions_floor_spawned":[1,2,7,16],"seed_played":"-2941460377596085037","killed_by":"Slaver and Parasite","ascension_level":0,"is_trial":false}