{"path_per_floor":["M","T","M","?","$","E","?","R","T","M","M","M","E","M","R"],"character_chosen":"THE_SILENT","items_purchased":[],"gold_per_floor":[112,112,123,123,48,82,82,82,82,96,114,125,155,168,168,168],"floor_reached":16,"campfire_rested":1,"playtime":2701,"current_hp_per_floor":[70,70,70,70,70,65,65,65,65,65,65,65,22,22,43,0],"items_purged":["Strike_G"],"gold":168,"score":112,"play_id":"0a54d9f0-5af5-4d2a-bee6-1742bcfaa830","local_time":"20180416201116","is_prod":false,"is_daily":false,"chose_seed":false,"is_ascension_mode":false,"campfire_upgraded":1,"timestamp":1523923876,"path_taken":["M","?","M","?","$","E","?","R","T","M","?","M","E","M","R","BOSS"],"build_version":"2018-04-12","seed_source_timestamp":0,"purchased_purges":1,"victory":false,"master_deck":["Defend_G","Defend_G","Defend_G","Defend_G","Defend_G","Strike_G","Strike_G","Survivor","Neutralize","Acrobatics","Dagger Throw","Prepared+1","Blade Dance","Blur+1","Dash","Skewer"],"max_hp_per_floor":[70,70,70,70,70,70,70,70,70,70,70,70,70,70,70,70],"relics":["Lizard Tail","Thread and Needle","Unceasing Top","Toxic Egg 2","Bag of Marbles"],"card_choices":[{"not_picked":["Flying Knee","Bane"],"picked":"Acrobatics","floor":1.0},{"not_picked":["Infinite Blades","Terror"],"picked":"Dagger Throw","floor":3.0},{"not_picked":["Expertise","A Thousand Cuts"],"picked":"Prepared","floor":6.0},{"not_picked":["Sucker Punch","Masterful Stab"],"picked":"Blur","floor":10.0},{"not_picked":["Outmaneuver","Flying Knee"],"picked":"Dash","floor":12.0},{"not_picked":["Flying Knee","Sucker Punch"],"picked":"Skewer","floor":13.0}],"player_experience":18089,"potions_floor_usage":[16,16],"damage_taken":[{"damage":0.0,"enemies":"Cultist","floor":1.0,"turns":6.0},{"damage":0.0,"enemies":"Small Slimes","floor":3.0,"turns":4.0},{"damage":5.0,"enemies":"3 Sentries","floor":6.0,"turns":14.0},{"damage":0.0,"enemies":"2 Louse","floor":10.0,"turns":3.0},{"damage":0.0,"enemies":"Blue Slaver","floor":11.0,"turns":5.0},{"damage":0.0,"enemies":"Large Slime","floor":12.0,"turns":11.0},{"damage":43.0,"enemies":"Lagavulin","floor":13.0,"turns":16.0},{"damage":0.0,"enemies":"Lots of Slimes","floor":14.0,"turns":5.0},{"damage":82,"enemies":"Hexaghost","floor":16,"turns":17}],"event_choices":[{"event_name":"Bonfire Elementals","player_choice":"BASIC","floor":4.0,"damage_taken":0.0},{"event_name":"Living Wall","player_choice":"Change","floor":7.0,"damage_taken":0.0}],"boss_relics":[],"potions_floor_spawned":[10,13],"seed_played":"-3541034825171869005","killed_by":"Hexaghost","ascension_level":0,"is_trial":false}