{"path_per_floor":["M","M","$","M","?","R","E","R","T","R","M","M","$","M","R","B",null,"M","M","?","$","T","R","?","?","T","E","R","M","?","?","R","B",null,"M","M","?","$","?","R","M","$","T","?","R","E","$","?","R"],"character_chosen":"THE_SILENT","items_purchased":["Flying Knee","Bandage Up","Fire Potion","Noxious Fumes"],"gold_per_floor":[117,127,10,29,29,29,56,56,56,56,68,81,33,52,52,149,149,160,180,95,20,43,43,43,43,68,93,93,110,110,110,110,207,207,218,228,228,128,180,180,195,114,185,185,185,220,95,95,95,95],"floor_reached":50,"campfire_rested":4,"playtime":6003,"current_hp_per_floor":[62,62,62,66,66,66,46,67,67,67,70,70,70,70,70,67,70,60,64,71,71,71,71,71,71,71,43,66,50,50,36,60,17,82,82,82,72,72,71,71,73,73,73,73,73,45,45,45,69,0],"items_purged":["Strike_G","Defend_G","Strike_G"],"gold":95,"score":509,"play_id":"6f09d1d8-a02c-46bd-87fc-1e6c8a04f67c","local_time":"20180416025132","is_prod":false,"is_daily":false,"chose_seed":false,"is_ascension_mode":false,"campfire_upgraded":4,"timestamp":1523861492,"path_taken":["M","M","$","M","?","R","E","R","T","R","?","M","?","M","R","BOSS","M","M","?","$","?","R","?","?","T","E","R","M","?","?","R","BOSS","M","M","?","$","?","R","M","?","T","?","R","E","$","?","R","BOSS"],"build_version":"2018-04-12","seed_source_timestamp":30280121165712,"purchased_purges":3,"victory":false,"master_deck":["Defend_G","Defend_G","Defend_G","Strike_G","Strike_G","Survivor","Neutralize","Poisoned Stab+1","Distraction+1","Flying Knee","Bandage Up","Infinite Blades+1","Dagger Throw","All Out Attack","Dagger Throw","Venomology","Dash+1","Well Laid Plans","Prepared","Malaise","Leg Sweep+1","Noxious Fumes+1","Noxious Fumes+1","Wraith Form v2+1","Flying Knee+1","Prepared+1","Madness","Noxious Fumes+1","Noxious Fumes+1","Decay","Predator"],"max_hp_per_floor":[70,70,70,70,70,70,70,70,70,70,70,70,70,70,70,70,70,70,70,77,77,77,77,77,77,77,77,77,77,77,82,82,82,82,82,82,82,82,82,82,82,82,82,82,82,82,82,82,82,82],"relics":["Ring of the Snake","Vajra","Thread and Needle","Anchor","Orrery","Strawberry","Juzu Bracelet","Orichalcum","Frozen Egg 2","Cursed Key","Peace Pipe","Bottled Lightning","Lantern"],"card_choices":[{"not_picked":["Expertise","Underhanded Strike"],"picked":"Poisoned Stab","floor":1},{"not_picked":["Dagger Spray","Footwork"],"picked":"Distraction","floor":2},{"not_picked":["Riddle With Holes","Deflect"],"picked":"Infinite Blades","floor":4},{"not_picked":["Poisoned Stab","Dagger Spray"],"picked":"Dagger Throw","floor":7},{"not_picked":["Quick Slash","Deadly Poison"],"picked":"All Out Attack","floor":11},{"not_picked":["Endless Agony","Expertise"],"picked":"Dagger Throw","floor":12},{"not_picked":["Night Terror","Tools of the Trade"],"picked":"Venomology","floor":16},{"not_picked":["Prepared","Distraction"],"picked":"Dash","floor":17},{"not_picked":["Sucker Punch","Heel Hook"],"picked":"Well Laid Plans","floor":17},{"not_picked":["Deflect","Endless Agony"],"picked":"Prepared","floor":17},{"not_picked":["Blur","Eviscerate"],"picked":"Malaise","floor":18},{"not_picked":["Deflect","Heel Hook"],"picked":"Leg Sweep","floor":19},{"not_picked":["Deadly Poison","Eviscerate"],"picked":"Noxious Fumes","floor":27},{"not_picked":["Adrenaline","Unload"],"picked":"Wraith Form v2","floor":33},{"not_picked":["Blade Dance","Finisher"],"picked":"Flying Knee","floor":35},{"not_picked":["Distraction","Backflip"],"picked":"Prepared","floor":36},{"not_picked":["Slice","Deflect"],"picked":"Noxious Fumes","floor":39}],"player_experience":7017,"potions_floor_usage":[27,33,33,46,50,50,50],"damage_taken":[{"damage":8,"enemies":"2 Louse","floor":1,"turns":5},{"damage":0,"enemies":"Small Slimes","floor":2,"turns":3},{"damage":0,"enemies":"Cultist","floor":4,"turns":3},{"damage":24,"enemies":"3 Sentries","floor":7,"turns":10},{"damage":0,"enemies":"Lots of Slimes","floor":11,"turns":4},{"damage":0,"enemies":"Red Slaver","floor":12,"turns":4},{"damage":1,"enemies":"Exordium Thugs","floor":14,"turns":3},{"damage":7,"enemies":"Slime Boss","floor":16,"turns":9},{"damage":10,"enemies":"Spheric Guardian","floor":18,"turns":6},{"damage":0,"enemies":"3 Byrds","floor":19,"turns":5},{"damage":32,"enemies":"Slavers","floor":27,"turns":7},{"damage":20,"enemies":"Centurion and Healer","floor":29,"turns":6},{"damage":62,"enemies":"Champ","floor":33,"turns":13},{"damage":3,"enemies":"3 Darklings","floor":35,"turns":5},{"damage":0,"enemies":"Orb Walker","floor":36,"turns":5},{"damage":1,"enemies":"Mysterious Sphere","floor":39,"turns":6},{"damage":2,"enemies":"Maw","floor":41,"turns":8},{"damage":32,"enemies":"Nemesis","floor":46,"turns":9},{"damage":74,"enemies":"Awakened One","floor":50,"turns":11}],"event_choices":[{"event_name":"Big Fish","player_choice":"Box","floor":5,"damage_taken":0},{"event_name":"Addict","player_choice":"Obtained Relic","floor":20,"damage_taken":0},{"event_name":"The Library","player_choice":"Read","floor":24,"damage_taken":0},{"event_name":"Upgrade Shrine","player_choice":"Upgraded","floor":25,"damage_taken":0},{"event_name":"The Lab","player_choice":"Got Potions","floor":30,"damage_taken":0},{"event_name":"Forgotten Altar","player_choice":"Shed Blood","floor":31,"damage_taken":0},{"event_name":"Winding Halls","player_choice":"Embrace Madness","floor":37,"damage_taken":0},{"event_name":"Mysterious Sphere","player_choice":"Fight","floor":39,"damage_taken":0},{"event_name":"Transmorgrifier","player_choice":"Transform","floor":48,"damage_taken":0}],"boss_relics":[{"not_picked":["Philosopher\u0027s Stone","Black Star"],"picked":"Orrery"},{"not_picked":["Eternal Feather","Runic Dome"],"picked":"Cursed Key"}],"potions_floor_spawned":[1,7,14,16,18,27,33,39,46],"seed_played":"-8909164059669955371","killed_by":"Awakened One","ascension_level":0,"is_trial":false}