{"path_per_floor":["M","?","M","M","?","R","M","?","T","M","M","R","E","M","R"],"character_chosen":"THE_SILENT","items_purchased":[],"gold_per_floor":[116,116,133,144,219,219,230,230,254,268,282,282,317,328,328,328],"floor_reached":16,"campfire_rested":1,"playtime":1227,"current_hp_per_floor":[70,70,70,70,59,59,61,61,61,63,67,67,10,14,35,0],"items_purged":[],"gold":328,"score":104,"play_id":"0f41f44a-f904-4954-9109-04a0efa61030","local_time":"20180417062857","is_prod":false,"is_daily":false,"chose_seed":false,"is_ascension_mode":false,"campfire_upgraded":2,"timestamp":1523960937,"path_taken":["M","?","M","M","?","R","M","?","T","M","M","R","E","M","R","BOSS"],"build_version":"2018-04-12","seed_source_timestamp":1341377496873,"purchased_purges":0,"victory":false,"master_deck":["Defend_G","Defend_G","Defend_G","Defend_G","Defend_G","Strike_G+1","Strike_G","Strike_G","Strike_G","Strike_G+1","Survivor","Neutralize","Blur","Bullet Time+1","Bandage Up","Acrobatics","Reflex+1","Dash","Prepared"],"max_hp_per_floor":[70,70,70,70,70,70,70,70,70,70,70,70,70,70,70,70],"relics":["Ring of the Snake","Juzu Bracelet","Whetstone","Orichalcum"],"card_choices":[{"not_picked":["Dodge and Roll","PiercingWail"],"picked":"Blur","floor":1},{"not_picked":["Deflect","Prepared"],"picked":"Acrobatics","floor":3},{"not_picked":["Slice","Endless Agony"],"picked":"Reflex","floor":10},{"not_picked":["Die Die Die","Skewer"],"picked":"Dash","floor":13},{"not_picked":["Slice","Dodge and Roll"],"picked":"Prepared","floor":14}],"player_experience":64246,"potions_floor_usage":[7,13,16,16],"damage_taken":[{"damage":0,"enemies":"Jaw Worm","floor":1,"turns":5},{"damage":0,"enemies":"Cultist","floor":3,"turns":4},{"damage":2,"enemies":"2 Louse","floor":4,"turns":4},{"damage":2,"enemies":"Looter","floor":7,"turns":5},{"damage":2,"enemies":"Large Slime","floor":10,"turns":9},{"damage":0,"enemies":"Blue Slaver","floor":11,"turns":5},{"damage":57,"enemies":"Gremlin Nob","floor":13,"turns":6},{"damage":0,"enemies":"Lots of Slimes","floor":14,"turns":3},{"damage":47,"enemies":"Slime Boss","floor":16,"turns":8}],"event_choices":[{"event_name":"Match and Keep!","player_choice":"2 cards matched","floor":2,"damage_taken":0},{"event_name":"World of Goop","player_choice":"Gather Gold","floor":5,"damage_taken":0},{"event_name":"Shining Light","player_choice":"Ignored","floor":8,"damage_taken":0}],"boss_relics":[],"potions_floor_spawned":[1,10,11,13],"seed_played":"-6210103044110836300","killed_by":"Slime Boss","ascension_level":0,"is_trial":false}