{"path_per_floor":["M","M","M","?","?","R","E","?","T","$","M","$","T","M","R","B",null,"M","$","?","M","M","R"],"character_chosen":"THE_SILENT","items_purchased":["Infinite Blades","Leg Sweep","Accuracy"],"gold_per_floor":[115,129,143,93,93,93,137,137,192,2,17,17,41,66,66,191,191,211,75,75,89,108,108,108],"floor_reached":24,"campfire_rested":2,"playtime":1408,"current_hp_per_floor":[77,77,77,77,71,71,53,39,39,39,39,39,39,41,71,38,71,42,42,42,41,32,68,0],"items_purged":["Defend_G","Defend_G"],"gold":108,"score":196,"play_id":"cf684422-e94d-4317-aa82-224de8e01515","local_time":"20180419235240","is_prod":false,"is_daily":false,"chose_seed":false,"is_ascension_mode":false,"campfire_upgraded":1,"timestamp":1524196360,"path_taken":["M","M","M","?","?","R","E","?","T","$","?","$","?","M","R","BOSS","M","$","?","M","M","R","E"],"build_version":"2018-04-19","seed_source_timestamp":38144126221106,"purchased_purges":2,"victory":false,"master_deck":["Defend_G","Defend_G","Defend_G","Strike_G","Strike_G","Strike_G","Strike_G","Survivor+1","Neutralize+1","Terror","Leg Sweep","Die Die Die+1","Cloak And Dagger","Infinite Blades","Leg Sweep","Phantasmal Killer","Blur","Dodge and Roll","Bullet Time","Accuracy","Blade Dance","Accuracy","Night Terror","Dodge and Roll+1"],"max_hp_per_floor":[77,77,77,77,71,71,71,71,71,71,71,71,71,71,71,71,71,71,71,71,71,71,71,71],"relics":["Ring of the Snake","Golden Idol","Regal Pillow","Blood Vial","Juzu Bracelet","Orrery"],"card_choices":[{"not_picked":["Deadly Poison","Backflip"],"picked":"Terror","floor":1},{"not_picked":["Cloak And Dagger","Poisoned Stab"],"picked":"Leg Sweep","floor":2},{"not_picked":["Cloak And Dagger","Bane"],"picked":"Die Die Die","floor":3},{"not_picked":["Malaise","Catalyst"],"picked":"Cloak And Dagger","floor":7},{"not_picked":["Envenom","Die Die Die"],"picked":"Phantasmal Killer","floor":16},{"not_picked":["Slice","Dodge and Roll"],"picked":"Blur","floor":17},{"not_picked":["Catalyst","Prepared"],"picked":"Dodge and Roll","floor":17},{"not_picked":["Deflect","Deadly Poison"],"picked":"Bullet Time","floor":17},{"not_picked":["Noxious Fumes","Bouncing Flask"],"picked":"Accuracy","floor":17},{"not_picked":["Outmaneuver","Backflip"],"picked":"Blade Dance","floor":17},{"not_picked":["Slice","Prepared"],"picked":"Night Terror","floor":21},{"not_picked":["Bane","Finisher"],"picked":"Dodge and Roll","floor":22}],"player_experience":79512,"potions_floor_usage":[18,18,21,21],"damage_taken":[{"damage":0,"enemies":"2 Louse","floor":1,"turns":4},{"damage":0,"enemies":"Small Slimes","floor":2,"turns":3},{"damage":0,"enemies":"Cultist","floor":3,"turns":4},{"damage":18,"enemies":"3 Sentries","floor":7,"turns":12},{"damage":2,"enemies":"Looter","floor":11,"turns":3},{"damage":0,"enemies":"3 Louse","floor":14,"turns":1},{"damage":33,"enemies":"Hexaghost","floor":16,"turns":13},{"damage":29,"enemies":"2 Thieves","floor":18,"turns":4},{"damage":12,"enemies":"3 Byrds","floor":21,"turns":6},{"damage":11,"enemies":"Snecko","floor":22,"turns":6},{"damage":70,"enemies":"Slavers","floor":24,"turns":6}],"event_choices":[{"event_name":"The Cleric","player_choice":"Card Removal","floor":4,"damage_taken":0},{"event_name":"Golden Idol","player_choice":"Lose Max HP","floor":5,"damage_taken":0},{"event_name":"Shining Light","player_choice":"Entered Light","floor":8,"damage_taken":0},{"event_name":"The Mausoleum","player_choice":"No","floor":20,"damage_taken":0}],"boss_relics":[{"not_picked":["Calling Bell","Eternal Feather"],"picked":"Orrery"}],"potions_floor_spawned":[2,11,16,18],"seed_played":"6273701067639866098","killed_by":"Slavers","ascension_level":0,"is_trial":false}