{"path_per_floor":["M","M","?","M","M","E","?","$","T","M","R","E","M","M","R"],"character_chosen":"THE_SILENT","items_purchased":["Prepared"],"gold_per_floor":[114,130,130,143,154,186,186,87,87,100,100,134,147,161,161,161],"floor_reached":16,"campfire_rested":2,"playtime":1467,"current_hp_per_floor":[70,69,69,69,43,23,16,16,26,24,48,14,5,5,29,0],"items_purged":["Defend_G"],"gold":161,"score":114,"play_id":"4a27f517-19a5-43fb-9ec8-245743b99686","local_time":"20180418142425","is_prod":false,"is_daily":false,"chose_seed":false,"is_ascension_mode":false,"campfire_upgraded":0,"timestamp":1524057865,"path_taken":["M","M","?","M","M","E","?","?","T","M","R","E","M","?","R","BOSS"],"build_version":"2018-04-12","seed_source_timestamp":74527993159503,"purchased_purges":1,"victory":false,"master_deck":["Defend_G","Defend_G+1","Defend_G","Defend_G","Strike_G","Strike_G","Strike_G","Survivor+1","Neutralize","Underhanded Strike","All Out Attack","Prepared","Glass Knife","Dagger Throw","Masterful Stab"],"max_hp_per_floor":[70,70,70,70,70,70,70,70,80,80,80,80,80,80,80,80],"relics":["Ring of the Snake","Ice Cream","Pear","War Paint"],"card_choices":[{"not_picked":["Outmaneuver","Choke"],"picked":"Underhanded Strike","floor":1},{"not_picked":["Sucker Punch","Outmaneuver"],"picked":"All Out Attack","floor":5},{"not_picked":["Sucker Punch","Dagger Spray"],"picked":"Glass Knife","floor":10},{"not_picked":["Blur","Catalyst"],"picked":"Dagger Throw","floor":12},{"not_picked":["Acrobatics","Dodge and Roll"],"picked":"Masterful Stab","floor":13}],"player_experience":16609,"potions_floor_usage":[12,14,16],"damage_taken":[{"damage":0,"enemies":"Jaw Worm","floor":1,"turns":5},{"damage":1,"enemies":"Cultist","floor":2,"turns":3},{"damage":0,"enemies":"2 Louse","floor":4,"turns":2},{"damage":26,"enemies":"Exordium Thugs","floor":5,"turns":10},{"damage":20,"enemies":"3 Sentries","floor":6,"turns":7},{"damage":2,"enemies":"Blue Slaver","floor":10,"turns":4},{"damage":34,"enemies":"Lagavulin","floor":12,"turns":10},{"damage":9,"enemies":"Exordium Wildlife","floor":13,"turns":3},{"damage":0,"enemies":"Lots of Slimes","floor":14,"turns":1},{"damage":50,"enemies":"Slime Boss","floor":16,"turns":9}],"event_choices":[{"event_name":"Bonfire Elementals","player_choice":"BASIC","floor":3,"damage_taken":0},{"event_name":"Golden Wing","player_choice":"Card Removal","floor":7,"damage_taken":0}],"boss_relics":[],"potions_floor_spawned":[5,12,14],"seed_played":"-575923649327505550","killed_by":"Slime Boss","ascension_level":0,"is_trial":false}