{"path_per_floor":["M","M","M","?","$","M","M","M","T","E","?","E","M","E","R","B",null,"M","M","?","$","M","E","$","?","T","M","M","M","?","M","R","B",null,"M","?","M","?","M","E","M","M","T","$","M","$","M","M","R","B"],"character_chosen":"THE_SILENT","items_purchased":["Bandage Up","Ice Cream","Prepared","Vajra","Flash of Steel"],"gold_per_floor":[118,133,146,146,53,67,81,94,94,122,122,150,168,195,195,290,290,306,321,321,13,28,56,32,232,232,249,261,280,230,241,241,336,336,355,355,366,366,386,418,433,452,476,219,237,237,248,264,264,264],"floor_reached":51,"campfire_rested":0,"playtime":6142,"current_hp_per_floor":[70,68,68,68,68,68,68,63,63,50,50,48,52,52,52,54,70,70,70,35,35,35,20,20,20,20,23,27,31,31,21,21,25,35,32,28,32,32,35,32,34,35,35,35,34,34,18,35,35,17],"items_purged":[],"gold":264,"score":829,"play_id":"3b231267-e5ac-4dce-ac1a-4aad61a9d900","local_time":"20180418175654","is_prod":false,"is_daily":false,"chose_seed":false,"is_ascension_mode":false,"campfire_upgraded":3,"timestamp":1524070614,"path_taken":["M","M","M","?","$","M","M","M","T","E","?","E","?","E","R","BOSS","M","M","?","$","M","E","$","?","T","M","?","M","?","M","R","BOSS","M","?","M","?","M","E","M","M","T","$","M","$","M","M","R","BOSS"],"build_version":"2018-04-12","seed_source_timestamp":82569416382979,"purchased_purges":2,"victory":true,"master_deck":["Defend_G","Defend_G","Defend_G+1","Strike_G+1","Strike_G","Strike_G+1","Survivor","Neutralize","Expertise+1","Phantasmal Killer+1","Leg Sweep+1","Slice","Slice","Deflect","Endless Agony+1","Bandage Up","Masterful Stab","Escape Plan","Expertise+1","Adrenaline","Endless Agony","Night Terror+1","After Image","Ghostly","Ghostly","Ghostly","Ghostly","Ghostly","Outmaneuver","Flying Knee","Prepared","Finisher+1","Slice","Slice","Calculated Gamble","Glass Knife","Slice+1","Madness","Madness","Escape Plan+1","Distraction","Infinite Blades+1","Flash of Steel+1","Blade Dance"],"max_hp_per_floor":[70,70,70,70,70,70,70,70,70,70,70,70,70,70,70,70,70,70,70,35,35,35,35,35,35,35,35,35,35,35,35,35,35,35,35,35,35,35,35,35,35,35,35,35,35,35,35,35,35,35],"relics":["Astrolabe","Ninja Scroll","Whetstone","War Paint","Regal Pillow","White Beast Statue","Ice Cream","Torii","Unceasing Top","Black Star","Molten Egg 2","Tough Bandages","Snake Skull","Vajra"],"card_choices":[{"not_picked":["Deflect","Bane"],"picked":"Slice","floor":1},{"not_picked":["PiercingWail","Riddle With Holes"],"picked":"Slice","floor":2},{"not_picked":["Dagger Throw","Backflip"],"picked":"Deflect","floor":3},{"not_picked":["Caltrops","Acrobatics"],"picked":"Masterful Stab","floor":6},{"not_picked":["Bane","Dagger Throw"],"picked":"Escape Plan","floor":7},{"not_picked":["Backflip","Dash"],"picked":"Expertise","floor":8},{"not_picked":["Distraction","Outmaneuver"],"picked":"Adrenaline","floor":10},{"not_picked":["Acrobatics","Dagger Spray"],"picked":"Endless Agony","floor":12},{"not_picked":["Dagger Throw","Bouncing Flask"],"picked":"Night Terror","floor":14},{"not_picked":["Bullet Time","Burst"],"picked":"After Image","floor":16},{"not_picked":["Noxious Fumes","Dodge and Roll"],"picked":"Outmaneuver","floor":22},{"not_picked":["Skewer","Dodge and Roll"],"picked":"Flying Knee","floor":23},{"not_picked":["Sucker Punch","Deadly Poison"],"picked":"Finisher","floor":27},{"not_picked":["Skewer","Unload"],"picked":"Slice","floor":28},{"not_picked":["Quick Slash","Dagger Spray"],"picked":"Slice","floor":29},{"not_picked":["Eviscerate","Poisoned Stab"],"picked":"Calculated Gamble","floor":31},{"not_picked":["Corpse Explosion","Venomology"],"picked":"Glass Knife","floor":33},{"not_picked":["Dagger Throw","Deadly Poison"],"picked":"Slice","floor":35},{"not_picked":["Dodge and Roll","Noxious Fumes"],"picked":"Slice","floor":37},{"not_picked":["Choke","Leg Sweep"],"picked":"Escape Plan","floor":39},{"not_picked":["Dash","Noxious Fumes"],"picked":"Distraction","floor":41},{"not_picked":["Dodge and Roll","Eviscerate"],"picked":"Infinite Blades","floor":42},{"not_picked":["Deadly Poison","Outmaneuver"],"picked":"Blade Dance","floor":45}],"player_experience":24566,"potions_floor_usage":[10,14,18,19,22,23,23,23,28,31,31,33,33,40,40,45,48,50,50,50],"damage_taken":[{"damage":0,"enemies":"Small Slimes","floor":1,"turns":4},{"damage":2,"enemies":"2 Louse","floor":2,"turns":3},{"damage":0,"enemies":"Jaw Worm","floor":3,"turns":3},{"damage":2,"enemies":"Exordium Wildlife","floor":6,"turns":5},{"damage":0,"enemies":"Blue Slaver","floor":7,"turns":2},{"damage":5,"enemies":"Looter","floor":8,"turns":4},{"damage":17,"enemies":"Lagavulin","floor":10,"turns":10},{"damage":6,"enemies":"3 Sentries","floor":12,"turns":6},{"damage":0,"enemies":"Gremlin Gang","floor":13,"turns":3},{"damage":0,"enemies":"Gremlin Nob","floor":14,"turns":2},{"damage":2,"enemies":"Slime Boss","floor":16,"turns":6},{"damage":0,"enemies":"3 Byrds","floor":18,"turns":4},{"damage":0,"enemies":"Chosen","floor":19,"turns":6},{"damage":0,"enemies":"Snake Plant","floor":22,"turns":5},{"damage":15,"enemies":"Slavers","floor":23,"turns":7},{"damage":1,"enemies":"Snecko","floor":27,"turns":10},{"damage":0,"enemies":"Centurion and Healer","floor":28,"turns":3},{"damage":0,"enemies":"Snake Plant","floor":29,"turns":4},{"damage":17,"enemies":"Chosen and Byrds","floor":31,"turns":8},{"damage":0,"enemies":"Collector","floor":33,"turns":7},{"damage":3,"enemies":"3 Shapes","floor":35,"turns":6},{"damage":0,"enemies":"3 Darklings","floor":37,"turns":7},{"damage":0,"enemies":"4 Shapes","floor":39,"turns":7},{"damage":5,"enemies":"2 Orb Walkers","floor":40,"turns":7},{"damage":1,"enemies":"Maw","floor":41,"turns":9},{"damage":0,"enemies":"3 Darklings","floor":42,"turns":5},{"damage":1,"enemies":"4 Shapes","floor":45,"turns":6},{"damage":17,"enemies":"Maw","floor":47,"turns":8},{"damage":0,"enemies":"3 Darklings","floor":48,"turns":6},{"damage":18,"enemies":"Awakened One","floor":50,"turns":10}],"event_choices":[{"event_name":"Living Wall","player_choice":"Change","floor":4,"damage_taken":0},{"event_name":"Liars Game","player_choice":"disagreed","floor":11,"damage_taken":0},{"event_name":"Ghosts","player_choice":"Became a Ghost","floor":20,"damage_taken":0},{"event_name":"Wheel of Change","player_choice":"Gold","floor":25,"damage_taken":0},{"event_name":"The Joust","player_choice":"Bet on Murderer","floor":30,"damage_taken":0},{"event_name":"Winding Halls","player_choice":"Embrace Madness","floor":36,"damage_taken":0}],"boss_relics":[{"not_picked":["Lizard Tail","Ectoplasm"],"picked":"White Beast Statue"},{"not_picked":["Runic Dome","Orrery"],"picked":"Black Star"}],"potions_floor_spawned":[6,12,13,14,16,18,19,22,23,27,28,29,31,33,35,37,39,40,41,42,45,47,48],"seed_played":"8169158577700618796","ascension_level":0,"is_trial":false}