{"path_per_floor":["M","?","M","M","M","R","M","M","T","M","$","?","M","?","R","B",null,"M","?","M","?","M","R","M","R","T","M","?","R","M","M","R","B",null,"M","M","?","M","?","R"],"character_chosen":"IRONCLAD","items_purchased":["Jack Of All Trades","Inflame"],"gold_per_floor":[115,115,129,144,155,155,165,184,184,203,20,40,57,57,57,152,152,163,163,132,82,102,102,121,121,121,139,139,139,149,163,163,265,265,278,293,0,18,18,18],"floor_reached":41,"campfire_rested":3,"playtime":4983,"current_hp_per_floor":[88,81,86,87,83,83,88,88,88,88,88,78,88,88,88,38,88,75,75,62,62,53,79,88,88,88,88,88,88,73,79,88,68,88,87,82,82,45,67,88],"items_purged":[],"gold":18,"play_id":"edda1bcc-a087-46dc-9df4-0e2643c95f76","is_prod":false,"is_daily":false,"campfire_rituals":0,"campfire_upgraded":4,"is_hardmode":false,"path_taken":["M","?","M","M","M","R","M","M","T","M","$","?","M","?","R","BOSS","M","?","M","?","?","R","M","R","T","M","?","R","M","M","R","BOSS","M","M","?","?","?","R","E"],"build_version":"2017-12-21-PROD1","purchased_purges":0,"victory":false,"master_deck":["Strike_R","Strike_R","Strike_R","Strike_R","Defend_R","Defend_R","Defend_R","Bash","Thunderclap","Cleave","Shrug It Off","Clothesline","Impervious","Flex","Shrug It Off","Jack Of All Trades","Inflame","Shrug It Off","Reaper","Armaments","Reaper","Heavy Blade","Metallicize","Fire Breathing","Spot Weakness","Reaper","Seeing Red","Bash","Iron Wave","Sword Boomerang","Writhe"],"max_hp_per_floor":[88,88,88,88,88,88,88,88,88,88,88,88,88,88,88,88,88,88,88,88,88,88,88,88,88,88,88,88,88,88,88,88,88,88,88,88,88,88,88,88],"relics":["Burning Blood","Dead Branch","Odd Mushroom","White Beast Statue","Vajra","Lizard Tail","Red Mask"],"campfire_meditates":0,"card_choices":[{"not_picked":["True Grit","Limit Break"],"picked":"Thunderclap"},{"not_picked":["Wild Strike","Infernal Blade"],"picked":"Cleave"},{"not_picked":["Uppercut","Havoc"],"picked":"Shrug It Off"},{"not_picked":["Anger","Havoc"],"picked":"Clothesline"},{"not_picked":["Combust","Anger"],"picked":"Impervious"},{"not_picked":["Headbutt","Cleave"],"picked":"Flex"},{"not_picked":["Wild Strike","Intimidate"],"picked":"Shrug It Off"},{"not_picked":["Clothesline","Disarm"],"picked":"Shrug It Off"},{"not_picked":["Double Tap","Exhume"],"picked":"Reaper"},{"not_picked":["True Grit","Pummel"],"picked":"Armaments"},{"not_picked":["Warcry","Spot Weakness"],"picked":"Heavy Blade"},{"not_picked":["Warcry","Armaments"],"picked":"Metallicize"},{"not_picked":["Evolve","Wild Strike"],"picked":"Fire Breathing"},{"not_picked":["Inflame","Sever Soul"],"picked":"Spot Weakness"},{"not_picked":["Battle Trance","True Grit"],"picked":"Iron Wave"},{"not_picked":["Thunderclap","Fire Breathing"],"picked":"Sword Boomerang"}],"player_experience":242033,"potions_floor_usage":[36,38,38,41],"damage_taken":[{"damage":6.0,"enemies":"Jaw Worm","floor":1.0,"turns":5.0},{"damage":1.0,"enemies":"Cultist","floor":3.0,"turns":4.0},{"damage":5.0,"enemies":"Looter","floor":4.0,"turns":4.0},{"damage":10.0,"enemies":"3 Louse","floor":5.0,"turns":2.0},{"damage":0.0,"enemies":"2 Fungi Beasts","floor":7.0,"turns":3.0},{"damage":5.0,"enemies":"Large Slime","floor":8.0,"turns":6.0},{"damage":3.0,"enemies":"Lots of Slimes","floor":10.0,"turns":3.0},{"damage":16.0,"enemies":"The Mushroom Lair","floor":12.0,"turns":4.0},{"damage":0.0,"enemies":"2 Fungi Beasts","floor":13.0,"turns":4.0},{"damage":56.0,"enemies":"Hexaghost","floor":16.0,"turns":11.0},{"damage":27.0,"enemies":"3 Byrds","floor":18.0,"turns":6.0},{"damage":27.0,"enemies":"2 Thieves","floor":20.0,"turns":5.0},{"damage":21.0,"enemies":"Snecko","floor":22.0,"turns":6.0},{"damage":2.0,"enemies":"Centurion and Healer","floor":24.0,"turns":11.0},{"damage":7.0,"enemies":"Snake Plant","floor":27.0,"turns":8.0},{"damage":31.0,"enemies":"Slaver and Parasite","floor":30.0,"turns":6.0},{"damage":7.0,"enemies":"Centurion and Healer","floor":31.0,"turns":6.0},{"damage":40.0,"enemies":"Collector","floor":33.0,"turns":10.0},{"damage":27,"enemies":"3 Shapes","floor":35,"turns":6},{"damage":22,"enemies":"Orb Walker","floor":36,"turns":5},{"damage":66,"enemies":"Sphere and 2 Shapes","floor":38,"turns":7},{"damage":80,"enemies":"Nemesis","floor":41,"turns":12}],"event_choices":[{"event_name":"Golden Wing","player_choice":"Card Removal","floor":2.0,"damage_taken":0.0},{"event_name":"Mushrooms","player_choice":"Fought Mushrooms","floor":12.0,"damage_taken":0.0},{"event_name":"Living Wall","player_choice":"Forget","floor":14.0,"damage_taken":0.0},{"event_name":"Duplicator","player_choice":"One dupe","floor":19.0,"damage_taken":0.0},{"event_name":"The Joust","player_choice":"Bet on Murderer","floor":21.0,"damage_taken":0.0},{"event_name":"Match and Keep!","player_choice":"3 cards matched","floor":28.0,"damage_taken":0.0},{"event_name":"Tomb of Lord Red Mask","player_choice":"Paid","floor":37,"damage_taken":0},{"event_name":"Winding Halls","player_choice":"Writhe","floor":39,"damage_taken":0}],"boss_relics":[{"not_picked":["Velvet Choker","Tiny House"],"picked":"Lizard Tail"}],"potions_floor_spawned":[4,7,8,12,13,16,18,20,22,24,27,30,31,33,35,36,38],"seed_played":"-1931870922877120031","killed_by":"Nemesis","is_trial":false}