{"path_per_floor":["M","M","?","M","M","E","R","?","T","M","R","?","$","?","R","B",null,"M","?","$","M","?","R","$","R","T","M","E","R","M","M","R"],"character_chosen":"IRONCLAD","items_purchased":["Rampage","Reaper"],"gold_per_floor":[110,120,120,139,154,183,183,183,230,249,249,322,174,174,174,275,275,287,287,50,70,70,70,70,70,70,80,115,115,132,142,142],"floor_reached":33,"campfire_rested":2,"playtime":2738,"current_hp_per_floor":[79,80,64,66,72,55,55,55,55,59,59,59,59,59,80,80,80,80,80,80,80,80,80,80,80,80,80,68,68,55,61,80],"items_purged":["Strike_R","Strike_R"],"gold":142,"play_id":"359ab65a-ce92-4dbe-8917-8ac0bfd333d2","is_prod":false,"is_daily":false,"campfire_rituals":0,"campfire_upgraded":5,"is_hardmode":false,"path_taken":["M","M","?","M","M","E","R","?","T","M","R","?","$","?","R","BOSS","M","?","?","M","?","R","$","R","T","M","E","R","M","M","R","BOSS"],"build_version":"2017-12-21-PROD1","purchased_purges":3,"victory":false,"master_deck":["Strike_R","Strike_R","Strike_R","Defend_R","Defend_R","Defend_R","Defend_R","Bash","Armaments","Flame Barrier","Whirlwind","Iron Wave","Carnage","Rampage","Juggernaut","Flex","Juggernaut","Reaper","Fire Breathing","Rage","Feed","Hemokinesis"],"max_hp_per_floor":[80,80,80,80,80,80,80,80,80,80,80,80,80,80,80,80,80,80,80,80,80,80,80,80,80,80,80,80,80,80,80,80],"relics":["Burning Blood","Mercury Hourglass","Lantern","Sozu","Darkstone Periapt","Pen Nib"],"campfire_meditates":0,"card_choices":[{"not_picked":["Heavy Blade","Warcry"],"picked":"Armaments"},{"not_picked":["True Grit","Flex"],"picked":"Flame Barrier"},{"not_picked":["Iron Wave","Pommel Strike"],"picked":"Whirlwind"},{"not_picked":["Whirlwind","Reckless Charge"],"picked":"Iron Wave"},{"not_picked":["Dual Wield","Wild Strike"],"picked":"Carnage"},{"not_picked":["Fiend Fire","Berserk"],"picked":"Juggernaut"},{"not_picked":["Twin Strike","Clash"],"picked":"Flex"},{"not_picked":["Combust","Entrench"],"picked":"Fire Breathing"},{"not_picked":["Whirlwind","Flex"],"picked":"Rage"},{"not_picked":["Dual Wield","Iron Wave"],"picked":"Feed"},{"not_picked":["Power Through","Twin Strike"],"picked":"Hemokinesis"}],"player_experience":287412,"potions_floor_usage":[5,10,16],"damage_taken":[{"damage":7,"enemies":"Looter","floor":1,"turns":5},{"damage":1,"enemies":"Cultist","floor":2,"turns":5},{"damage":4,"enemies":"Blue Slaver","floor":4,"turns":6},{"damage":0,"enemies":"Large Slime","floor":5,"turns":4},{"damage":23,"enemies":"Gremlin Nob","floor":6,"turns":5},{"damage":2,"enemies":"Exordium Wildlife","floor":10,"turns":3},{"damage":0,"enemies":"Slime Boss","floor":16,"turns":6},{"damage":3,"enemies":"2 Thieves","floor":18,"turns":3},{"damage":0,"enemies":"3 Byrds","floor":21,"turns":3},{"damage":15,"enemies":"Centurion and Healer","floor":27,"turns":5},{"damage":18,"enemies":"Gremlin Leader","floor":28,"turns":5},{"damage":19,"enemies":"Snecko","floor":30,"turns":5},{"damage":0,"enemies":"Snake Plant","floor":31,"turns":2},{"damage":88,"enemies":"Champ","floor":33,"turns":11}],"event_choices":[{"event_name":"Shining Light","player_choice":"Entered Light","floor":3,"damage_taken":0},{"event_name":"The Lab","player_choice":"Got Potions","floor":8,"damage_taken":0},{"event_name":"Golden Wing","player_choice":"Gained Gold","floor":12,"damage_taken":0},{"event_name":"Living Wall","player_choice":"Grow","floor":14,"damage_taken":0},{"event_name":"Duplicator","player_choice":"One dupe","floor":19,"damage_taken":0},{"event_name":"Addict","player_choice":"Ignored","floor":22,"damage_taken":0}],"boss_relics":[{"not_picked":["Orrery","Runic Pyramid"],"picked":"Sozu"}],"potions_floor_spawned":[2,6,10,16,28,30,31],"seed_played":"3347184720215932255","killed_by":"Champ","is_trial":false}