{"path_per_floor":["M","?","$","M","M","R","M","M","T","R","E","R","M","E","R","B",null,"M","?","?","M","M","R","$","M","T","M","?","$","R","M","R","B",null,"M","$","T","M","M","R","M","?","T","M","M","?","R","$","R","B"],"character_chosen":"IRONCLAD","items_purchased":["Pommel Strike","Shrug It Off","Happy Flower","Sadistic Nature"],"gold_per_floor":[111,111,12,32,48,48,63,83,83,83,117,117,134,164,164,266,266,276,276,276,292,311,311,187,199,199,210,210,210,210,225,225,328,328,342,196,196,206,217,217,227,227,227,237,252,252,252,63,63,63],"floor_reached":51,"campfire_rested":2,"playtime":5336,"current_hp_per_floor":[80,80,80,80,80,80,80,80,80,80,70,70,76,64,64,50,90,90,90,75,81,92,92,92,93,93,95,99,99,99,99,99,92,99,99,99,99,82,103,103,89,89,89,72,47,47,80,80,112,75],"items_purged":["Strike_R","Defend_R"],"gold":63,"play_id":"6564ce0f-42fd-4249-be57-077a4c98bed7","is_prod":false,"is_daily":false,"campfire_rituals":0,"campfire_upgraded":8,"is_hardmode":false,"path_taken":["M","?","$","M","M","R","M","M","T","R","E","R","M","E","R","BOSS","M","?","?","M","M","R","$","?","T","M","?","$","R","M","R","BOSS","M","$","?","M","M","R","M","?","T","M","M","?","R","?","R","BOSS"],"build_version":"2018-01-11-PROD2","purchased_purges":3,"victory":true,"master_deck":["Strike_R","Strike_R","Defend_R","Bash","Flame Barrier","Pommel Strike","Metallicize","Armaments","Metallicize","Warcry","Reaper","Shockwave","Exhume","Whirlwind","Battle Trance","Feel No Pain","Shrug It Off","Intimidate","Demon Form","Sever Soul","Clothesline","Inflame","Sadistic Nature"],"max_hp_per_floor":[80,80,80,80,80,80,80,80,80,80,80,80,80,90,90,90,90,90,90,95,95,95,95,95,97,97,99,99,99,99,99,99,99,99,99,99,99,101,103,103,105,105,105,107,112,112,112,112,112,112],"relics":["Burning Blood","Dead Branch","Singing Bowl","Pear","Mark of Pain","Toxic Egg","Astrolabe","Happy Flower","Unceasing Top","Torii"],"campfire_meditates":0,"card_choices":[{"not_picked":["Sword Boomerang","Evolve"],"picked":"Flame Barrier"},{"not_picked":["Hemokinesis","Body Slam"],"picked":"Metallicize"},{"not_picked":["Wild Strike","Power Through"],"picked":"Armaments"},{"not_picked":["Perfected Strike","Hemokinesis"],"picked":"Metallicize"},{"not_picked":["Armaments","Dual Wield"],"picked":"Warcry"},{"not_picked":["Armaments","Power Through"],"picked":"Reaper"},{"not_picked":["Dropkick","Entrench"],"picked":"Shockwave"},{"not_picked":["Bludgeon","Offering"],"picked":"Exhume"},{"not_picked":["True Grit","Pommel Strike"],"picked":"Whirlwind"},{"not_picked":["Spot Weakness","Body Slam"],"picked":"Battle Trance"},{"not_picked":["Sword Boomerang","Heavy Blade"],"picked":"Feel No Pain"},{"not_picked":["Warcry","Thunderclap"],"picked":"Intimidate"},{"not_picked":["Feed","Double Tap"],"picked":"Demon Form"},{"not_picked":["Sword Boomerang","Flex"],"picked":"Inflame"}],"player_experience":436030,"potions_floor_usage":[11,14,14,16,22,27,33,44,50,50],"damage_taken":[{"damage":1,"enemies":"Cultist","floor":1,"turns":4},{"damage":4,"enemies":"Blue Slaver","floor":4,"turns":6},{"damage":2,"enemies":"Jaw Worm","floor":5,"turns":5},{"damage":4,"enemies":"Looter","floor":7,"turns":3},{"damage":0,"enemies":"Large Slime","floor":8,"turns":6},{"damage":16,"enemies":"3 Sentries","floor":11,"turns":5},{"damage":0,"enemies":"2 Fungi Beasts","floor":13,"turns":5},{"damage":29,"enemies":"Lagavulin","floor":14,"turns":7},{"damage":27,"enemies":"The Guardian","floor":16,"turns":13},{"damage":1,"enemies":"3 Byrds","floor":18,"turns":4},{"damage":0,"enemies":"Chosen","floor":21,"turns":5},{"damage":3,"enemies":"Snake Plant","floor":22,"turns":6},{"damage":7,"enemies":"Slaver and Parasite","floor":25,"turns":7},{"damage":6,"enemies":"Centurion and Healer","floor":27,"turns":8},{"damage":1,"enemies":"3 Cultists","floor":31,"turns":4},{"damage":38,"enemies":"Collector","floor":33,"turns":13},{"damage":5,"enemies":"3 Shapes","floor":35,"turns":5},{"damage":25,"enemies":"3 Darklings","floor":38,"turns":3},{"damage":0,"enemies":"Maw","floor":39,"turns":7},{"damage":22,"enemies":"Sphere and 2 Shapes","floor":41,"turns":5},{"damage":25,"enemies":"3 Darklings","floor":44,"turns":5},{"damage":36,"enemies":"4 Shapes","floor":45,"turns":3},{"damage":67,"enemies":"Awakened One","floor":50,"turns":22}],"event_choices":[{"event_name":"Transmorgrifier","player_choice":"Skipped","floor":2,"damage_taken":0},{"event_name":"Vampires","player_choice":"Ignored","floor":19,"damage_taken":0},{"event_name":"Forgotten Altar","player_choice":"Shed Blood","floor":20,"damage_taken":0},{"event_name":"Wheel of Change","player_choice":"Full Heal","floor":28,"damage_taken":0},{"event_name":"Tomb of Lord Red Mask","player_choice":"Ignored","floor":42,"damage_taken":0}],"boss_relics":[{"not_picked":["Black Star","Calling Bell"],"picked":"Mark of Pain"},{"not_picked":["Lizard Tail","Velvet Choker"],"picked":"Astrolabe"}],"potions_floor_spawned":[4,8,11,14,16,18,22,38,41,45],"seed_played":"-6737186036276077569","is_trial":false}