{"path_per_floor":["M","M","?","M","?","R","M","E","T","M","M","R","$","M","R","B",null,"M","?","M","$","M","M","?","R","T","M","?","M","R","$","R"],"character_chosen":"IRONCLAD","items_purchased":["Mercury Hourglass"],"gold_per_floor":[116,129,204,216,216,216,230,260,310,328,341,341,4,17,17,122,122,134,134,150,50,69,89,14,14,38,54,54,65,65,65,65],"floor_reached":33,"campfire_rested":1,"playtime":2199,"current_hp_per_floor":[80,80,69,74,74,74,78,59,59,65,71,71,71,73,73,48,80,76,76,66,66,57,53,53,53,53,68,53,55,80,80,80],"items_purged":["Strike_R","Strike_R"],"gold":65,"play_id":"e73fe542-b336-4cb7-b9b6-d2972031404b","is_prod":false,"is_daily":false,"campfire_rituals":0,"campfire_upgraded":5,"is_hardmode":false,"path_taken":["M","M","?","?","?","R","M","E","T","M","M","R","$","M","R","BOSS","M","?","M","$","M","M","?","R","T","M","?","M","R","$","R","BOSS"],"build_version":"2018-01-04-PROD1","purchased_purges":2,"victory":false,"master_deck":["Strike_R","Strike_R","Defend_R","Defend_R","Defend_R","Bash","Clash","Whirlwind","Flex","Dropkick","Heavy Blade","Clash","Reaper","Reckless Charge","Thunderclap","Armaments","Ghostly Armor","Dropkick"],"max_hp_per_floor":[80,80,80,80,80,80,80,80,80,80,80,80,80,80,80,80,80,80,80,80,80,80,80,80,80,80,80,85,85,85,85,85],"relics":["Burning Blood","Meat on the Bone","Oddly Smooth Stone","Mercury Hourglass","Lantern"],"campfire_meditates":0,"card_choices":[{"not_picked":["Pommel Strike","Armaments"],"picked":"Clash"},{"not_picked":["True Grit","Dual Wield"],"picked":"Whirlwind"},{"not_picked":["Sword Boomerang","Headbutt"],"picked":"Flex"},{"not_picked":["Perfected Strike","True Grit"],"picked":"Dropkick"},{"not_picked":["Rupture","Perfected Strike"],"picked":"Heavy Blade"},{"not_picked":["Corruption","Juggernaut"],"picked":"Clash"},{"not_picked":["Feed","Berserk"],"picked":"Reaper"},{"not_picked":["Twin Strike","Heavy Blade"],"picked":"Reckless Charge"},{"not_picked":["Rampage","Havoc"],"picked":"Thunderclap"},{"not_picked":["Twin Strike","Cleave"],"picked":"Armaments"},{"not_picked":["Anger","Twin Strike"],"picked":"Ghostly Armor"},{"not_picked":["Perfected Strike","Headbutt"],"picked":"Dropkick"}],"player_experience":405333,"potions_floor_usage":[7,8,16,16,22,33],"damage_taken":[{"damage":6,"enemies":"Jaw Worm","floor":1,"turns":5},{"damage":4,"enemies":"Blue Slaver","floor":2,"turns":3},{"damage":1,"enemies":"Cultist","floor":4,"turns":3},{"damage":2,"enemies":"Exordium Wildlife","floor":7,"turns":3},{"damage":25,"enemies":"3 Sentries","floor":8,"turns":4},{"damage":0,"enemies":"Gremlin Gang","floor":10,"turns":3},{"damage":0,"enemies":"Large Slime","floor":11,"turns":2},{"damage":4,"enemies":"Looter","floor":14,"turns":2},{"damage":46,"enemies":"Hexaghost","floor":16,"turns":6},{"damage":10,"enemies":"Shell Parasite","floor":18,"turns":3},{"damage":16,"enemies":"2 Thieves","floor":20,"turns":3},{"damage":21,"enemies":"Snake Plant","floor":22,"turns":2},{"damage":18,"enemies":"Centurion and Healer","floor":23,"turns":7},{"damage":6,"enemies":"3 Cultists","floor":27,"turns":3},{"damage":12,"enemies":"Snecko","floor":29,"turns":5},{"damage":87,"enemies":"Champ","floor":33,"turns":9}],"event_choices":[{"event_name":"World of Goop","player_choice":"Gather Gold","floor":3,"damage_taken":0},{"event_name":"Living Wall","player_choice":"Grow","floor":5,"damage_taken":0},{"event_name":"N\u0027loth","player_choice":"Ignored","floor":19,"damage_taken":0},{"event_name":"Beggar","player_choice":"Gave Gold","floor":24,"damage_taken":0},{"event_name":"Forgotten Altar","player_choice":"Shed Blood","floor":28,"damage_taken":0}],"boss_relics":[{"not_picked":["Runic Cube","Runic Pyramid","Velvet Choker"]}],"potions_floor_spawned":[2,4,8,10,14,20,29],"seed_played":"-9076715946364953952","killed_by":"Champ","is_trial":false}