{"path_per_floor":["M","M","?","?","?","E","M","$","T","M","R","E","R","M","R","B",null,"M","M","?","M","M","E","R","M","T","M","R","$","R","M","R","B",null,"M","$","M","?","?","R","M","R","T","M","$","M","?","?","R","B"],"character_chosen":"IRONCLAD","items_purchased":["Trip","Inflame","Whirlwind","Finesse","Apotheosis","Dropkick","Bag of Marbles"],"gold_per_floor":[111,122,122,122,122,161,181,6,6,25,25,68,68,93,93,216,216,234,250,300,314,335,374,374,392,392,407,407,91,91,109,109,230,230,245,53,72,72,405,405,422,422,422,438,95,110,110,110,110,110],"floor_reached":51,"campfire_rested":2,"playtime":4314,"current_hp_per_floor":[80,80,80,80,64,70,76,76,76,80,80,51,51,52,52,16,80,77,79,79,68,58,46,70,71,71,66,66,66,66,67,67,25,80,80,80,80,80,80,80,54,78,78,57,57,55,75,75,75,61],"items_purged":["Strike_R","Strike_R","Strike_R"],"gold":110,"play_id":"15df47d7-4892-47f1-bd3e-0bde6f13b94b","is_prod":false,"is_daily":false,"campfire_rituals":0,"campfire_upgraded":8,"is_hardmode":false,"path_taken":["M","M","?","?","?","E","M","$","T","?","R","E","R","M","R","BOSS","M","M","?","M","M","E","R","M","T","M","R","$","R","M","R","BOSS","M","$","?","?","?","R","M","R","T","M","$","M","?","?","R","BOSS"],"build_version":"2018-01-04-PROD1","purchased_purges":4,"victory":true,"master_deck":["Strike_R","Strike_R","Defend_R","Defend_R","Defend_R","Bash","Double Tap","Uppercut","Twin Strike","Trip","Cleave","Thunderclap","Headbutt","Offering","Armaments","Iron Wave","Perfected Strike","Warcry","Shrug It Off","Inflame","Whirlwind","Finesse","Reaper","Ghostly Armor","Flex","Shrug It Off","Disarm","Rampage","Apotheosis","Iron Wave","True Grit","Dropkick","Battle Trance","Writhe"],"max_hp_per_floor":[80,80,80,80,80,80,80,80,80,80,80,80,80,80,80,80,80,80,80,80,80,80,80,80,80,80,80,80,80,80,80,80,80,80,80,80,80,80,80,80,80,80,80,80,80,80,80,80,80,80],"relics":["Burning Blood","NeowsBlessing","Paper Frog","Art of War","Prayer Wheel","Whetstone","Sozu","Bottled Flame","Ice Cream","Orrery","Champion Belt","Bag of Marbles"],"campfire_meditates":0,"card_choices":[{"not_picked":["Perfected Strike","Shrug It Off"],"picked":"Double Tap"},{"not_picked":["Iron Wave","Spot Weakness"],"picked":"Uppercut"},{"not_picked":["Corruption","Rupture"],"picked":"Twin Strike"},{"not_picked":["Second Wind","Infernal Blade"],"picked":"Cleave"},{"not_picked":["Clash","Rupture"],"picked":"Thunderclap"},{"not_picked":["Sentinel","Disarm"],"picked":"Headbutt"},{"not_picked":["Brutality","Bludgeon"],"picked":"Offering"},{"not_picked":["Heavy Blade","Corruption"],"picked":"Armaments"},{"not_picked":["Dual Wield","Disarm"],"picked":"Iron Wave"},{"not_picked":["Berserk","Clothesline"],"picked":"Perfected Strike"},{"not_picked":["Twin Strike","Disarm"],"picked":"Warcry"},{"not_picked":["Perfected Strike","Pummel"],"picked":"Shrug It Off"},{"not_picked":["Juggernaut","Berserk"],"picked":"Reaper"},{"not_picked":["True Grit","Wild Strike"],"picked":"Ghostly Armor"},{"not_picked":["Twin Strike","Cleave"],"picked":"Flex"},{"not_picked":["Seeing Red","Wild Strike"],"picked":"Shrug It Off"},{"not_picked":["Dual Wield","Clothesline"],"picked":"Disarm"},{"not_picked":["Body Slam","True Grit"],"picked":"Rampage"},{"not_picked":["Warcry","Flex"],"picked":"Iron Wave"},{"not_picked":["Twin Strike","Perfected Strike"],"picked":"True Grit"},{"not_picked":["Dropkick","Burning Pact"],"picked":"Battle Trance"}],"player_experience":387407,"potions_floor_usage":[],"damage_taken":[{"damage":0.0,"enemies":"Cultist","floor":1.0,"turns":1.0},{"damage":0.0,"enemies":"Blue Slaver","floor":2.0,"turns":1.0},{"damage":0.0,"enemies":"Lagavulin","floor":6.0,"turns":1.0},{"damage":0.0,"enemies":"2 Louse","floor":7.0,"turns":2.0},{"damage":1.0,"enemies":"Exordium Thugs","floor":10.0,"turns":3.0},{"damage":35.0,"enemies":"3 Sentries","floor":12.0,"turns":6.0},{"damage":5.0,"enemies":"Large Slime","floor":14.0,"turns":5.0},{"damage":42.0,"enemies":"The Guardian","floor":16.0,"turns":8.0},{"damage":9.0,"enemies":"Spheric Guardian","floor":18.0,"turns":3.0},{"damage":4.0,"enemies":"3 Byrds","floor":19.0,"turns":4.0},{"damage":17.0,"enemies":"Slaver and Parasite","floor":21.0,"turns":4.0},{"damage":16.0,"enemies":"3 Cultists","floor":22.0,"turns":4.0},{"damage":18.0,"enemies":"Book of Stabbing","floor":23.0,"turns":4.0},{"damage":5.0,"enemies":"Snake Plant","floor":25.0,"turns":3.0},{"damage":11.0,"enemies":"Centurion and Healer","floor":27.0,"turns":3.0},{"damage":5.0,"enemies":"3 Cultists","floor":31.0,"turns":3.0},{"damage":48.0,"enemies":"Automaton","floor":33.0,"turns":9.0},{"damage":10.0,"enemies":"3 Shapes","floor":35.0,"turns":5.0},{"damage":13.0,"enemies":"3 Darklings","floor":37.0,"turns":4.0},{"damage":36.0,"enemies":"Maw","floor":41.0,"turns":7.0},{"damage":61.0,"enemies":"4 Shapes","floor":44.0,"turns":6.0},{"damage":8.0,"enemies":"3 Darklings","floor":46.0,"turns":3.0},{"damage":20,"enemies":"Awakened One","floor":50,"turns":9}],"event_choices":[{"event_name":"Accursed Blacksmith","player_choice":"Rummage","floor":3.0,"damage_taken":0.0},{"event_name":"Liars Game","player_choice":"disagreed","floor":4.0,"damage_taken":0.0},{"event_name":"Golden Idol","player_choice":"Take Damage","floor":5.0,"damage_taken":0.0},{"event_name":"The Joust","player_choice":"Bet on Murderer","floor":20.0,"damage_taken":0.0},{"event_name":"Tomb of Lord Red Mask","player_choice":"Ignored","floor":38.0,"damage_taken":0.0},{"event_name":"The Moai Head","player_choice":"Gave Idol","floor":39.0,"damage_taken":0.0},{"event_name":"Winding Halls","player_choice":"Writhe","floor":47.0,"damage_taken":0.0}],"boss_relics":[],"potions_floor_spawned":[1,2,12,14,16,18,19,21,23,25,37,41],"seed_played":"-4305442116562403720","is_trial":false}