{"path_per_floor":["M","?","?","M","?","E","R","?","T","M","E","M","$","?","R","B",null,"M","?","M","$","?","E","?","R","T","R","?","R","?","$","R","B",null,"M","M","?","$","M","R","M","R","T","T","M","M","?","M","R","B"],"character_chosen":"IRONCLAD","items_purchased":["Iron Wave","Shrug It Off"],"gold_per_floor":[111,111,111,127,127,156,156,156,156,172,207,221,94,44,44,143,143,160,160,179,28,28,56,56,56,56,56,56,56,56,56,56,158,158,178,191,191,191,205,205,219,219,291,318,336,348,0,17,17,17],"floor_reached":51,"campfire_rested":2,"playtime":2404,"current_hp_per_floor":[80,80,80,80,73,79,79,72,72,78,80,80,80,80,80,80,80,80,80,80,80,80,65,65,65,65,65,65,65,65,65,80,56,80,80,80,80,80,69,69,39,78,78,78,80,80,80,80,80,51],"items_purged":["Strike_R","Defend_R"],"gold":17,"score":546,"play_id":"c7dbbadf-4327-4ad4-92f7-1ed3867f8be1","is_prod":false,"is_daily":false,"is_ascension_mode":false,"campfire_upgraded":7,"path_taken":["M","?","?","M","?","E","R","?","T","M","E","M","$","?","R","BOSS","M","?","M","$","?","E","?","R","T","R","?","R","?","?","R","BOSS","M","M","?","$","M","R","M","R","T","?","M","M","?","M","R","BOSS"],"build_version":"2018-02-15-PROD1","purchased_purges":3,"victory":true,"master_deck":["Strike_R+1","Strike_R+1","Defend_R+1","Defend_R+1","Bash","Twin Strike","Inflame+1","Cleave","Flex+1","Whirlwind+1","Iron Wave","Impervious","Shrug It Off+1","Pummel","Whirlwind+1","Shrug It Off+1","Demon Form+1","Shrug It Off+1","Injury","Writhe","Ghostly Armor+1","Seeing Red"],"max_hp_per_floor":[80,80,80,80,80,80,80,80,80,80,80,80,80,80,80,80,80,80,80,80,80,80,80,80,80,80,80,80,80,80,80,80,80,80,80,80,80,80,80,80,80,80,80,80,80,80,80,80,80,80],"relics":["Burning Blood","NeowsBlessing","Bag of Preparation","Orichalcum","Gambling Chip","Juzu Bracelet","Sozu","Regal Pillow","Sundial","Cursed Key","Pantograph","Anchor","Red Mask"],"card_choices":[{"not_picked":["Sentinel","Sword Boomerang"],"picked":"Twin Strike"},{"not_picked":["Bloodletting","Pommel Strike"],"picked":"Inflame"},{"not_picked":["Seeing Red","Bloodletting"],"picked":"Cleave"},{"not_picked":["Second Wind","Havoc"],"picked":"Flex"},{"not_picked":["Bloodletting","Cleave"],"picked":"Whirlwind"},{"not_picked":["Juggernaut","Exhume"],"picked":"Impervious"},{"not_picked":["Combust","Spot Weakness"],"picked":"Shrug It Off"},{"not_picked":["Infernal Blade","True Grit"],"picked":"Whirlwind"},{"not_picked":["Impervious","Bludgeon"],"picked":"Demon Form"},{"not_picked":["Armaments","Power Through"],"picked":"Shrug It Off"},{"not_picked":["Feel No Pain","Impervious"],"picked":"Ghostly Armor"},{"not_picked":["Anger","Clothesline"],"picked":"Seeing Red"}],"player_experience":676970,"potions_floor_usage":[],"damage_taken":[{"damage":0.0,"enemies":"2 Louse","floor":1.0,"turns":1.0},{"damage":0.0,"enemies":"Cultist","floor":4.0,"turns":1.0},{"damage":0.0,"enemies":"Gremlin Nob","floor":6.0,"turns":1.0},{"damage":0.0,"enemies":"Small Slimes","floor":10.0,"turns":2.0},{"damage":2.0,"enemies":"3 Sentries","floor":11.0,"turns":3.0},{"damage":4.0,"enemies":"Looter","floor":12.0,"turns":2.0},{"damage":3.0,"enemies":"Slime Boss","floor":16.0,"turns":5.0},{"damage":0.0,"enemies":"Chosen","floor":18.0,"turns":2.0},{"damage":4.0,"enemies":"Shell Parasite","floor":20.0,"turns":3.0},{"damage":21.0,"enemies":"Gremlin Leader","floor":23.0,"turns":5.0},{"damage":30.0,"enemies":"Automaton","floor":33.0,"turns":11.0},{"damage":0,"enemies":"Orb Walker","floor":35,"turns":2},{"damage":0,"enemies":"3 Darklings","floor":36,"turns":2},{"damage":17,"enemies":"Maw","floor":39,"turns":7},{"damage":36,"enemies":"4 Shapes","floor":41,"turns":4},{"damage":0,"enemies":"3 Darklings","floor":45,"turns":2},{"damage":0,"enemies":"Sphere and 2 Shapes","floor":46,"turns":2},{"damage":0,"enemies":"Maw","floor":48,"turns":6},{"damage":35,"enemies":"Time Eater","floor":50,"turns":9}],"event_choices":[{"event_name":"The Lab","player_choice":"Got Potions","floor":2.0,"damage_taken":0.0},{"event_name":"Liars Game","player_choice":"disagreed","floor":3.0,"damage_taken":0.0},{"event_name":"Golden Wing","player_choice":"Card Removal","floor":5.0,"damage_taken":0.0},{"event_name":"Scrap Ooze","player_choice":"success","floor":8.0,"damage_taken":7.0},{"event_name":"The Cleric","player_choice":"Card Removal","floor":14.0,"damage_taken":0.0},{"event_name":"The Library","player_choice":"Read","floor":19.0,"damage_taken":0.0},{"event_name":"Vampires","player_choice":"Ignored","floor":22.0,"damage_taken":0.0},{"event_name":"Back to Basics","player_choice":"Simplicity","floor":24.0,"damage_taken":0.0},{"event_name":"Beggar","player_choice":"Ignored","floor":28.0,"damage_taken":0.0},{"event_name":"Drug Dealer","player_choice":"Ignored","floor":30.0,"damage_taken":0.0},{"event_name":"Purifier","player_choice":"One Purge","floor":37,"damage_taken":0},{"event_name":"Tomb of Lord Red Mask","player_choice":"Paid","floor":47,"damage_taken":0}],"boss_relics":[{"not_picked":["Astrolabe","Pandora\u0027s Box"],"picked":"Cursed Key"}],"potions_floor_spawned":[6,10,11,18,23,33,39,41,48],"seed_played":"7135804059714908366","ascension_level":0,"is_trial":false}