{"path_per_floor":["M","M","?","$","M","R","E","R","T","R","M","M","M","?","R","B",null,"M","M","?","$","?","R","M","R","T","$","R","M","M","M","R","B",null,"M","M","?","$","M","R","M","T","T","M","T","M","M","?","R"],"character_chosen":"IRONCLAD","items_purchased":["Inflame","Whirlwind","Reaper","Molten Egg 2","Rampage","Bandage Up"],"gold_per_floor":[111,127,127,59,75,75,130,130,183,183,203,223,242,272,272,375,375,393,411,411,177,377,377,393,393,441,99,99,113,130,142,142,244,244,254,264,264,64,76,76,86,111,111,122,146,164,177,177,177],"floor_reached":50,"campfire_rested":1,"playtime":3161,"current_hp_per_floor":[73,77,70,70,75,75,71,71,71,71,73,72,74,74,74,63,80,80,72,72,72,72,72,80,80,80,80,80,72,80,80,80,72,80,65,59,59,59,57,57,72,72,72,42,42,51,37,37,62],"items_purged":["Strike_R","Strike_R"],"gold":177,"score":398,"play_id":"35edb918-cb67-4bf9-a8ca-589ff6d20023","is_prod":false,"is_daily":false,"is_ascension_mode":false,"campfire_upgraded":9,"path_taken":["M","?","?","$","M","R","E","R","T","R","M","?","M","?","R","BOSS","M","M","?","?","?","R","M","R","T","$","R","M","?","M","R","BOSS","M","M","?","$","M","R","M","?","T","M","?","M","M","?","R","BOSS"],"build_version":"2018-02-12-PROD1","purchased_purges":2,"victory":false,"master_deck":["Strike_R","Defend_R","Defend_R","Defend_R","Bash","Shrug It Off+1","True Grit+1","Inflame+1","Twin Strike","Offering","Cleave+1","Shrug It Off+1","Heavy Blade+1","Offering","Flex+1","Sword Boomerang+1","Dropkick","Whirlwind+1","Reaper","Thunderclap","Rampage+1","Impervious","Rampage+1","Bandage Up+1","Seeing Red+1","Iron Wave+1"],"max_hp_per_floor":[80,80,80,80,80,80,80,80,80,80,80,80,80,80,80,80,80,80,80,80,80,80,80,80,80,80,80,80,80,80,80,80,80,80,80,80,80,80,80,80,80,80,80,82,82,84,84,84,84],"relics":["Burning Blood","Tiny Chest","Omamori","Pen Nib","Velvet Choker","Lantern","Molten Egg 2","Lizard Tail","Happy Flower","Singing Bowl","Anchor"],"card_choices":[{"not_picked":["True Grit","Anger"],"picked":"Shrug It Off"},{"not_picked":["Havoc","Twin Strike"],"picked":"True Grit"},{"not_picked":["Clothesline","Armaments"],"picked":"Twin Strike"},{"not_picked":["Armaments","Clash"],"picked":"Offering"},{"not_picked":["Armaments","Wild Strike"],"picked":"Cleave"},{"not_picked":["Thunderclap","Intimidate"],"picked":"Shrug It Off"},{"not_picked":["Armaments","Headbutt"],"picked":"Heavy Blade"},{"not_picked":["Exhume","Fiend Fire"],"picked":"Offering"},{"not_picked":["Anger","Feel No Pain"],"picked":"Flex"},{"not_picked":["Thunderclap","Iron Wave"],"picked":"Sword Boomerang"},{"not_picked":["Ghostly Armor","Clothesline"],"picked":"Thunderclap"},{"not_picked":["Feed","Juggernaut"],"picked":"Impervious"},{"not_picked":["Sentinel","Searing Blow"],"picked":"Rampage"},{"not_picked":["Headbutt","Hemokinesis"],"picked":"Seeing Red"},{"not_picked":["Clothesline","Wild Strike"],"picked":"Iron Wave"}],"player_experience":558351,"potions_floor_usage":[7,7,11,19,24,33,33,41,46],"damage_taken":[{"damage":13,"enemies":"Blue Slaver","floor":1,"turns":5},{"damage":2,"enemies":"Jaw Worm","floor":2,"turns":6},{"damage":1,"enemies":"Cultist","floor":5,"turns":3},{"damage":10,"enemies":"3 Sentries","floor":7,"turns":8},{"damage":4,"enemies":"Gremlin Gang","floor":11,"turns":3},{"damage":7,"enemies":"2 Fungi Beasts","floor":12,"turns":3},{"damage":4,"enemies":"Exordium Thugs","floor":13,"turns":4},{"damage":17,"enemies":"The Guardian","floor":16,"turns":7},{"damage":4,"enemies":"Spheric Guardian","floor":18,"turns":3},{"damage":14,"enemies":"2 Thieves","floor":19,"turns":4},{"damage":5,"enemies":"Centurion and Healer","floor":24,"turns":3},{"damage":14,"enemies":"Snake Plant","floor":29,"turns":3},{"damage":8,"enemies":"Chosen and Byrds","floor":30,"turns":3},{"damage":2,"enemies":"Centurion and Healer","floor":31,"turns":3},{"damage":27,"enemies":"Collector","floor":33,"turns":7},{"damage":32,"enemies":"3 Shapes","floor":35,"turns":2},{"damage":12,"enemies":"Orb Walker","floor":36,"turns":3},{"damage":19,"enemies":"Maw","floor":39,"turns":6},{"damage":18,"enemies":"3 Darklings","floor":41,"turns":3},{"damage":44,"enemies":"4 Shapes","floor":44,"turns":3},{"damage":14,"enemies":"Sphere and 2 Shapes","floor":46,"turns":5},{"damage":34,"enemies":"Maw","floor":47,"turns":7},{"damage":152,"enemies":"Awakened One","floor":50,"turns":14}],"event_choices":[{"event_name":"Golden Wing","player_choice":"Card Removal","floor":3,"damage_taken":0},{"event_name":"Dead Adventurer","player_choice":"Searched \u00272\u0027 times","floor":14,"damage_taken":0},{"event_name":"Transmorgrifier","player_choice":"Transform","floor":20,"damage_taken":0},{"event_name":"Wheel of Change","player_choice":"Gold","floor":22,"damage_taken":0},{"event_name":"Tomb of Lord Red Mask","player_choice":"Ignored","floor":37,"damage_taken":0},{"event_name":"Mysterious Sphere","player_choice":"Ignore","floor":48,"damage_taken":0}],"boss_relics":[{"not_picked":["Runic Dome","Tiny House"],"picked":"Velvet Choker"},{"not_picked":["Runic Pyramid","Sozu"],"picked":"Lizard Tail"}],"potions_floor_spawned":[2,5,7,18,19,29,30,39,44],"seed_played":"-2334088819472213084","killed_by":"Awakened One","ascension_level":0,"is_trial":false}