{"path_per_floor":["M","M","$","M","M","E","R","?","T","$","?","M","R","M","R","B",null,"M","M","M","?","$","R","M","R","T","M","M","M","$","M","R","B",null,"M","M","?","M","?","R","?","M","T","M","$","R","M","?","R","B"],"character_chosen":"IRONCLAD","items_purchased":["Metallicize","Swift Strike","Pommel Strike"],"gold_per_floor":[115,128,55,66,85,112,112,142,142,45,10,28,28,48,48,152,152,152,152,152,152,77,77,77,77,77,77,77,77,31,31,31,31,31,31,31,0,0,0,0,0,0,0,0,0,0,0,0,0,0],"floor_reached":51,"campfire_rested":0,"playtime":3353,"current_hp_per_floor":[75,72,72,78,80,58,58,46,46,46,66,72,72,77,77,80,80,80,80,80,64,64,64,70,70,70,75,79,80,80,80,80,68,80,80,80,80,70,60,70,70,75,75,80,80,80,74,74,80,28],"items_purged":["Defend_R"],"gold":0,"score":530,"play_id":"e50ffefd-cfe3-4022-8b08-657a6db06959","is_prod":false,"is_daily":false,"is_ascension_mode":false,"campfire_upgraded":9,"path_taken":["M","M","$","?","M","E","R","?","T","$","?","M","R","M","R","BOSS","M","?","M","?","$","R","M","R","T","M","M","M","$","M","R","BOSS","M","M","?","M","?","R","?","M","T","M","?","R","?","?","R","BOSS"],"build_version":"2018-02-12-PROD1","purchased_purges":1,"victory":true,"master_deck":["Strike_R","Strike_R","Strike_R","Strike_R","Strike_R","Defend_R+1","Defend_R","Bash+1","Rage+1","Perfected Strike+1","Metallicize+1","Perfected Strike+1","Disarm+1","Swift Strike","Twin Strike","Intimidate+1","Armaments+1","Cleave+1","Necronomicurse","Wild Strike+1","Shrug It Off+1","True Grit+1","Shrug It Off+1","Pommel Strike+1","Pommel Strike","Madness","Madness"],"max_hp_per_floor":[80,80,80,80,80,80,80,80,80,80,80,80,80,80,80,80,80,80,80,80,80,80,80,80,80,80,80,80,80,80,80,80,80,80,80,80,80,80,80,80,80,80,80,80,80,80,80,80,80,80],"relics":["Burning Blood","Pen Nib","Tiny Chest","Thread and Needle","Ectoplasm","Necronomicon","Bag of Preparation","Eternal Feather","Red Mask","War Paint"],"card_choices":[{"not_picked":["Clash","Wild Strike"],"picked":"Rage"},{"not_picked":["Armaments","Sword Boomerang"],"picked":"Perfected Strike"},{"not_picked":["Rampage","Reckless Charge"],"picked":"Perfected Strike"},{"not_picked":["Body Slam","Infernal Blade"],"picked":"Disarm"},{"not_picked":["Disarm","Cleave"],"picked":"Twin Strike"},{"not_picked":["Sever Soul","Disarm"],"picked":"Intimidate"},{"not_picked":["Anger","Rupture"],"picked":"Armaments"},{"not_picked":["Havoc","Clash"],"picked":"Cleave"},{"not_picked":["Fire Breathing","Armaments"],"picked":"Wild Strike"},{"not_picked":["Intimidate","Warcry"],"picked":"Shrug It Off"},{"not_picked":["Sword Boomerang","Warcry"],"picked":"True Grit"},{"not_picked":["Clash","Blood for Blood"],"picked":"Shrug It Off"},{"not_picked":["Anger","Dark Embrace"],"picked":"Pommel Strike"}],"player_experience":662983,"potions_floor_usage":[],"damage_taken":[{"damage":11.0,"enemies":"Blue Slaver","floor":1.0,"turns":4.0},{"damage":9.0,"enemies":"Jaw Worm","floor":2.0,"turns":6.0},{"damage":0.0,"enemies":"Small Slimes","floor":4.0,"turns":4.0},{"damage":0.0,"enemies":"3 Louse","floor":5.0,"turns":3.0},{"damage":28.0,"enemies":"Lagavulin","floor":6.0,"turns":5.0},{"damage":0.0,"enemies":"Looter","floor":12.0,"turns":3.0},{"damage":1.0,"enemies":"Exordium Wildlife","floor":14.0,"turns":3.0},{"damage":2.0,"enemies":"Slime Boss","floor":16.0,"turns":8.0},{"damage":5.0,"enemies":"Shell Parasite","floor":18.0,"turns":4.0},{"damage":0.0,"enemies":"Spheric Guardian","floor":19.0,"turns":1.0},{"damage":0.0,"enemies":"Snecko","floor":20.0,"turns":5.0},{"damage":0.0,"enemies":"Snake Plant","floor":24.0,"turns":3.0},{"damage":1.0,"enemies":"Cultist and Chosen","floor":27.0,"turns":3.0},{"damage":2.0,"enemies":"Slaver and Parasite","floor":28.0,"turns":2.0},{"damage":0.0,"enemies":"Snecko","floor":29.0,"turns":2.0},{"damage":0.0,"enemies":"Snake Plant","floor":31.0,"turns":1.0},{"damage":18.0,"enemies":"Collector","floor":33.0,"turns":6.0},{"damage":0.0,"enemies":"3 Darklings","floor":35.0,"turns":5.0},{"damage":0.0,"enemies":"Orb Walker","floor":36.0,"turns":2.0},{"damage":16.0,"enemies":"4 Shapes","floor":38.0,"turns":6.0},{"damage":1.0,"enemies":"3 Darklings","floor":42.0,"turns":4.0},{"damage":0.0,"enemies":"Sphere and 2 Shapes","floor":44.0,"turns":3.0},{"damage":21.0,"enemies":"Maw","floor":47.0,"turns":7.0},{"damage":58,"enemies":"Time Eater","floor":50,"turns":11}],"event_choices":[{"event_name":"Scrap Ooze","player_choice":"success","floor":8.0,"damage_taken":12.0},{"event_name":"The Cleric","player_choice":"Healed","floor":11.0,"damage_taken":0.0},{"event_name":"Cursed Tome","player_choice":"Obtained Book","floor":21.0,"damage_taken":0.0},{"event_name":"Tomb of Lord Red Mask","player_choice":"Paid","floor":37.0,"damage_taken":0.0},{"event_name":"Winding Halls","player_choice":"Embrace Madness","floor":39.0,"damage_taken":0.0},{"event_name":"Mysterious Sphere","player_choice":"Ignore","floor":41.0,"damage_taken":0.0}],"boss_relics":[],"potions_floor_spawned":[4,5,14,24,27,28,35,44],"seed_played":"4565317902863517359","ascension_level":0,"is_trial":false}