{"path_per_floor":["M","M","?","M","M","E","R","$","T","R","M","?","E","?","R","B",null,"M","M","$","M","M","R","M","R","T","R","?","R","M","$","R","B",null,"M","M","?","?","M","R","M","T","T","R","E","?","R","$","R","B"],"character_chosen":"IRONCLAD","items_purchased":["Spot Weakness","Panacea","Seeing Red","Magic Flower","Dexterity Potion","Block Potion","Seeing Red"],"gold_per_floor":[212,227,227,237,253,286,286,37,37,37,49,49,83,83,83,209,209,229,253,113,133,148,148,162,162,188,188,188,188,209,84,84,214,252,268,291,624,624,636,636,647,647,647,647,675,675,675,81,81,81],"floor_reached":51,"campfire_rested":2,"playtime":3193,"current_hp_per_floor":[80,80,80,80,78,51,51,51,51,51,48,48,38,38,38,32,74,74,58,58,46,52,74,57,57,57,57,57,57,66,66,66,38,79,65,79,79,79,65,65,57,57,57,57,60,60,60,60,79,74],"items_purged":["Normality","Strike_R","Regret","Pain"],"gold":81,"score":560,"play_id":"f342af7b-78a7-4990-bbaa-8cee294e2d56","is_prod":false,"is_daily":false,"is_ascension_mode":false,"campfire_upgraded":10,"path_taken":["M","M","?","M","M","E","R","$","T","R","M","?","E","?","R","BOSS","M","M","$","?","M","R","M","R","T","R","?","R","M","$","R","BOSS","M","M","?","?","M","R","M","?","T","R","E","?","R","$","R","BOSS"],"build_version":"2018-02-22-PROD2","purchased_purges":4,"victory":true,"master_deck":["Strike_R","Strike_R","Strike_R","Defend_R","Defend_R","Defend_R","Defend_R","Bash","True Grit+1","Carnage+1","Intimidate+1","Inflame+1","Fiend Fire+1","Spot Weakness","Panacea+1","Cleave","Demon Form+1","Pommel Strike+1","Heavy Blade+1","Seeing Red+1","Feel No Pain+1","Sentinel+1","Reaper","Shrug It Off+1","Reaper","Warcry+1","Pain","Seeing Red"],"max_hp_per_floor":[80,80,80,80,80,80,80,80,80,80,80,80,80,74,74,74,74,74,74,74,74,74,74,74,74,74,74,74,74,74,74,74,74,79,79,79,79,79,79,79,79,79,79,79,79,79,79,79,79,79],"relics":["Burning Blood","Self Forming Clay","Kunai","Charon\u0027s Ashes","Pantograph","Cursed Key","Anchor","Tiny House","Dodecahedron","Sundial","Toolbox","Magic Flower"],"card_choices":[{"not_picked":["Havoc","Sever Soul"],"picked":"True Grit"},{"not_picked":["Sword Boomerang","Warcry"],"picked":"Carnage"},{"not_picked":["Twin Strike","Armaments"],"picked":"Intimidate"},{"not_picked":["Headbutt","Thunderclap"],"picked":"Inflame"},{"not_picked":["Cleave","Blood for Blood"],"picked":"Fiend Fire"},{"not_picked":["Armaments","Entrench"],"picked":"Cleave"},{"not_picked":["Armaments","Thunderclap"],"picked":"Demon Form"},{"not_picked":["Anger","Havoc"],"picked":"Pommel Strike"},{"not_picked":["Clash","Warcry"],"picked":"Heavy Blade"},{"not_picked":["Bloodletting","Perfected Strike"],"picked":"Feel No Pain"},{"not_picked":["Clash","Hemokinesis"],"picked":"Sentinel"},{"not_picked":["Flex","Pommel Strike"],"picked":"Shrug It Off"},{"not_picked":["Limit Break","Double Tap"],"picked":"Reaper"},{"not_picked":["Shrug It Off","Body Slam"],"picked":"Warcry"}],"player_experience":772476,"potions_floor_usage":[50,50,50],"damage_taken":[{"damage":5.0,"enemies":"Jaw Worm","floor":1.0,"turns":5.0},{"damage":3.0,"enemies":"Cultist","floor":2.0,"turns":4.0},{"damage":3.0,"enemies":"Small Slimes","floor":4.0,"turns":3.0},{"damage":8.0,"enemies":"Blue Slaver","floor":5.0,"turns":3.0},{"damage":33.0,"enemies":"Lagavulin","floor":6.0,"turns":5.0},{"damage":9.0,"enemies":"Exordium Thugs","floor":11.0,"turns":3.0},{"damage":16.0,"enemies":"3 Sentries","floor":13.0,"turns":5.0},{"damage":37.0,"enemies":"The Guardian","floor":16.0,"turns":9.0},{"damage":3.0,"enemies":"3 Byrds","floor":18.0,"turns":4.0},{"damage":22.0,"enemies":"Spheric Guardian","floor":19.0,"turns":4.0},{"damage":18.0,"enemies":"Snecko","floor":21.0,"turns":4.0},{"damage":0.0,"enemies":"Snake Plant","floor":22.0,"turns":2.0},{"damage":23.0,"enemies":"3 Cultists","floor":24.0,"turns":5.0},{"damage":6.0,"enemies":"Centurion and Healer","floor":30.0,"turns":5.0},{"damage":57.0,"enemies":"Automaton","floor":33.0,"turns":10.0},{"damage":20.0,"enemies":"Orb Walker","floor":35.0,"turns":4.0},{"damage":10.0,"enemies":"3 Darklings","floor":36.0,"turns":4.0},{"damage":20.0,"enemies":"4 Shapes","floor":39.0,"turns":6.0},{"damage":25.0,"enemies":"Sphere and 2 Shapes","floor":41.0,"turns":6.0},{"damage":24.0,"enemies":"2 Orb Walkers","floor":45.0,"turns":6.0},{"damage":77,"enemies":"Donu and Deca","floor":50,"turns":9}],"event_choices":[{"event_name":"Accursed Blacksmith","player_choice":"Rummage","floor":3.0,"damage_taken":0.0},{"event_name":"Purifier","player_choice":"One Purge","floor":12.0,"damage_taken":0.0},{"event_name":"Golden Idol","player_choice":"Lose Max HP","floor":14.0,"damage_taken":0.0},{"event_name":"The Library","player_choice":"Read","floor":28.0,"damage_taken":0.0},{"event_name":"The Moai Head","player_choice":"Gave Idol","floor":37.0,"damage_taken":0.0},{"event_name":"Transmorgrifier","player_choice":"Skipped","floor":38.0,"damage_taken":0.0},{"event_name":"Tomb of Lord Red Mask","player_choice":"Ignored","floor":46.0,"damage_taken":0.0}],"boss_relics":[],"potions_floor_spawned":[4,6,11,13,18,21,24,33,39,45],"seed_played":"-1241325256946624089","ascension_level":0,"is_trial":false}