{"path_per_floor":["M","?","M","M","?","E","M","?","T","R","$","R","?","M","R","B",null,"M","M","?","?","$","E","R","$","T","M","R","?","M","$","R","B",null,"M","?","?","M","?","R","?","?","T","R","M","$","M","M","R","B"],"character_chosen":"IRONCLAD","items_purchased":["Molten Egg 2","Apotheosis","Flex","Block Potion","Regen Potion"],"gold_per_floor":[118,118,130,142,142,171,191,191,268,268,16,16,16,27,27,127,127,137,149,249,249,59,84,84,84,84,98,98,78,91,41,41,142,142,154,154,154,172,172,172,172,172,172,172,186,12,23,35,35,35],"floor_reached":51,"campfire_rested":5,"playtime":4337,"current_hp_per_floor":[80,80,80,77,70,56,46,46,46,46,46,46,46,46,70,20,80,74,67,67,67,67,14,38,38,38,35,59,59,55,55,79,43,80,74,74,74,67,80,80,80,80,80,80,78,78,69,48,72,42],"items_purged":["Writhe"],"gold":35,"score":488,"play_id":"077dabce-36a5-4564-a18c-5ecd4d3399f3","is_prod":false,"is_daily":false,"is_ascension_mode":false,"campfire_upgraded":4,"path_taken":["M","?","M","?","?","E","M","?","T","R","$","R","?","M","R","BOSS","M","M","?","?","$","E","R","$","T","?","R","?","M","?","R","BOSS","M","?","?","?","?","R","?","?","T","R","M","$","M","M","R","BOSS"],"build_version":"2018-02-15-PROD1","purchased_purges":1,"victory":true,"master_deck":["Strike_R","Strike_R","Defend_R","Defend_R","Defend_R","Bash","Combust","Twin Strike","Warcry+1","Reckless Charge+1","Armaments+1","Anger","Ghostly Armor","Double Tap","Uppercut+1","True Grit","Apotheosis+1","True Grit","Shockwave","Rage+1","Flex","Demon Form+1","Whirlwind+1","Iron Wave+1","Heavy Blade+1","Cleave+1","Iron Wave+1"],"max_hp_per_floor":[80,80,80,80,80,80,80,80,80,80,80,80,80,80,80,80,80,80,80,80,80,80,80,80,80,80,80,80,80,80,80,80,80,80,80,80,80,80,80,80,80,80,80,80,80,80,80,80,80,80],"relics":["Burning Blood","Centennial Puzzle","Prayer Wheel","Kunai","Molten Egg 2","Mark of Pain","Dead Branch","Bird Faced Urn","Sozu","Vajra"],"card_choices":[{"not_picked":["Body Slam","Dual Wield"],"picked":"Combust"},{"not_picked":["Headbutt","Cleave"],"picked":"Warcry"},{"not_picked":["Entrench","Ghostly Armor"],"picked":"Reckless Charge"},{"not_picked":["Clothesline","Sword Boomerang"],"picked":"Armaments"},{"not_picked":["Clash","Body Slam"],"picked":"Anger"},{"not_picked":["Headbutt","Armaments"],"picked":"Ghostly Armor"},{"not_picked":["Limit Break","Fiend Fire"],"picked":"Double Tap"},{"not_picked":["Pommel Strike","Thunderclap"],"picked":"Uppercut"},{"not_picked":["Corruption","Warcry"],"picked":"True Grit"},{"not_picked":["Pommel Strike","Dropkick"],"picked":"True Grit"},{"not_picked":["Thunderclap","Second Wind"],"picked":"Shockwave"},{"not_picked":["Sword Boomerang","Havoc"],"picked":"Rage"},{"not_picked":["Brutality","Feed"],"picked":"Demon Form"},{"not_picked":["Perfected Strike","Infernal Blade"],"picked":"Whirlwind"},{"not_picked":["Power Through","Seeing Red"],"picked":"Iron Wave"},{"not_picked":["Cleave","Sword Boomerang"],"picked":"Heavy Blade"},{"not_picked":["Heavy Blade","Thunderclap"],"picked":"Cleave"},{"not_picked":["Perfected Strike","Havoc"],"picked":"Iron Wave"}],"player_experience":750851,"potions_floor_usage":[6,7,14,23,27,33,33,33],"damage_taken":[{"damage":5,"enemies":"Cultist","floor":1,"turns":4},{"damage":0,"enemies":"Small Slimes","floor":3,"turns":3},{"damage":9,"enemies":"2 Louse","floor":4,"turns":2},{"damage":20,"enemies":"3 Sentries","floor":6,"turns":5},{"damage":16,"enemies":"Exordium Thugs","floor":7,"turns":4},{"damage":6,"enemies":"Exordium Wildlife","floor":14,"turns":5},{"damage":56,"enemies":"Hexaghost","floor":16,"turns":10},{"damage":12,"enemies":"Chosen","floor":18,"turns":5},{"damage":13,"enemies":"Shell Parasite","floor":19,"turns":5},{"damage":59,"enemies":"Book of Stabbing","floor":23,"turns":6},{"damage":9,"enemies":"Snake Plant","floor":27,"turns":5},{"damage":10,"enemies":"Centurion and Healer","floor":30,"turns":7},{"damage":45,"enemies":"Collector","floor":33,"turns":15},{"damage":16,"enemies":"3 Darklings","floor":35,"turns":5},{"damage":13,"enemies":"3 Shapes","floor":38,"turns":3},{"damage":10,"enemies":"Sphere and 2 Shapes","floor":45,"turns":5},{"damage":19,"enemies":"4 Shapes","floor":47,"turns":5},{"damage":31,"enemies":"Maw","floor":48,"turns":7},{"damage":40,"enemies":"Awakened One","floor":50,"turns":8}],"event_choices":[{"event_name":"Living Wall","player_choice":"Change","floor":2,"damage_taken":0},{"event_name":"Scrap Ooze","player_choice":"success","floor":5,"damage_taken":7},{"event_name":"Upgrade Shrine","player_choice":"Upgraded","floor":8,"damage_taken":0},{"event_name":"Purifier","player_choice":"One Purge","floor":13,"damage_taken":0},{"event_name":"Golden Shrine","player_choice":"Pray","floor":20,"damage_taken":0},{"event_name":"Vampires","player_choice":"Ignored","floor":21,"damage_taken":0},{"event_name":"The Woman in Blue","player_choice":"Bought 1 Potion","floor":29,"damage_taken":0},{"event_name":"Match and Keep!","player_choice":"0 cards matched","floor":36,"damage_taken":0},{"event_name":"Winding Halls","player_choice":"Writhe","floor":39,"damage_taken":0},{"event_name":"Tomb of Lord Red Mask","player_choice":"Ignored","floor":41,"damage_taken":0},{"event_name":"Mysterious Sphere","player_choice":"Ignore","floor":42,"damage_taken":0}],"boss_relics":[{"not_picked":["Pandora\u0027s Box","White Beast Statue"],"picked":"Mark of Pain"},{"not_picked":["Runic Pyramid","Astrolabe"],"picked":"Sozu"}],"potions_floor_spawned":[3,6,7,16,23,27,30,47,48],"seed_played":"-8744088304190163459","ascension_level":0,"is_trial":false}