{"path_per_floor":["M","?","M","M","M","R","E","?","T","$","M","R","$","M","R","B",null,"M","M","?","M","M","R","E","R","T","$","?","?","R","M","R","B",null,"M","M","?","?","M","$","R","?","T","R","M","E","?","M","R","B"],"character_chosen":"IRONCLAD","items_purchased":["Rampage","Inflame","Whirlwind","Rage","Apotheosis"],"gold_per_floor":[113,113,133,144,157,157,187,187,211,101,116,116,47,65,65,166,166,177,188,188,199,209,209,242,242,242,24,24,24,24,37,37,137,137,151,164,164,216,234,49,49,49,49,49,61,86,0,14,14,14],"floor_reached":51,"campfire_rested":2,"playtime":2570,"current_hp_per_floor":[80,80,80,80,80,80,69,62,62,62,66,66,66,72,72,42,80,80,79,79,74,76,76,57,57,57,57,80,80,80,71,71,38,80,80,80,80,63,57,57,57,57,57,80,80,67,67,58,80,60],"items_purged":["Defend_R","Strike_R"],"gold":14,"score":697,"play_id":"538ef4dc-9860-48ad-8941-28c7de025c9c","local_time":"20180322185517","is_prod":false,"is_daily":false,"is_ascension_mode":false,"campfire_upgraded":5,"timestamp":1521741317,"path_taken":["M","?","M","M","M","R","E","?","T","$","M","R","$","M","R","BOSS","M","M","?","?","M","R","E","R","T","$","?","?","R","M","R","BOSS","M","M","?","?","M","$","R","?","T","R","M","E","?","M","R","BOSS"],"build_version":"2018-03-15v3","purchased_purges":3,"victory":true,"master_deck":["Strike_R","Strike_R","Defend_R","Defend_R","Defend_R","Bash+1","Metallicize+1","Flash of Steel","Shrug It Off","Pommel Strike","Limit Break+1","Cleave","Rampage","Intimidate","Inflame","Rage+1","Double Tap","Twin Strike","Shrug It Off","Pummel","Whirlwind","Rage+1","Shrug It Off+1","Armaments+1","Heavy Blade","Warcry+1","Whirlwind+1","Apotheosis+1","Warcry","Impervious","Intimidate+1","Battle Trance"],"max_hp_per_floor":[80,80,80,80,80,80,80,80,80,80,80,80,80,80,80,80,80,80,80,80,80,80,80,80,80,80,80,80,80,80,80,80,80,80,80,80,80,80,80,80,80,80,80,80,80,80,80,80,80,80],"relics":["Burning Blood","Ancient Tea Set","Girya","Dream Catcher","Velvet Choker","Art of War","Frozen Egg 2","Orrery","Charon\u0027s Ashes","Ginger","Prayer Wheel","Red Mask"],"card_choices":[{"not_picked":["Perfected Strike","Blood for Blood"],"picked":"Metallicize"},{"not_picked":["Havoc","Pommel Strike"],"picked":"Shrug It Off"},{"not_picked":["Clash","Sentinel"],"picked":"Pommel Strike"},{"not_picked":["Sentinel","Rupture"],"picked":"Limit Break"},{"not_picked":["Wild Strike","Anger"],"picked":"Cleave"},{"not_picked":["Body Slam","Headbutt"],"picked":"Intimidate"},{"not_picked":["Sword Boomerang","Thunderclap"],"picked":"Rage"},{"not_picked":["Fiend Fire","Demon Form"],"picked":"Double Tap"},{"not_picked":["Headbutt","Havoc"],"picked":"Twin Strike"},{"not_picked":["Entrench","Infernal Blade"],"picked":"Shrug It Off"},{"not_picked":["Armaments","Perfected Strike"],"picked":"Pummel"},{"not_picked":["Iron Wave","Fire Breathing"],"picked":"Shrug It Off"},{"not_picked":["Burning Pact","Body Slam"],"picked":"Armaments"},{"not_picked":["Anger","Body Slam"],"picked":"Heavy Blade"},{"not_picked":["Burning Pact","Feel No Pain"],"picked":"Warcry"},{"not_picked":["Spot Weakness","Evolve"],"picked":"Whirlwind"},{"not_picked":["Pommel Strike","Heavy Blade"],"picked":"Intimidate"},{"not_picked":["Cleave","Blood for Blood"],"picked":"Battle Trance"}],"player_experience":907589,"potions_floor_usage":[38,50,50,50],"damage_taken":[{"damage":3.0,"enemies":"Small Slimes","floor":1.0,"turns":3.0},{"damage":4.0,"enemies":"Cultist","floor":3.0,"turns":4.0},{"damage":4.0,"enemies":"2 Louse","floor":4.0,"turns":3.0},{"damage":5.0,"enemies":"Blue Slaver","floor":5.0,"turns":4.0},{"damage":17.0,"enemies":"Lagavulin","floor":7.0,"turns":5.0},{"damage":2.0,"enemies":"Looter","floor":11.0,"turns":2.0},{"damage":0.0,"enemies":"3 Louse","floor":14.0,"turns":2.0},{"damage":36.0,"enemies":"The Guardian","floor":16.0,"turns":9.0},{"damage":0.0,"enemies":"Chosen","floor":18.0,"turns":4.0},{"damage":7.0,"enemies":"3 Byrds","floor":19.0,"turns":4.0},{"damage":11.0,"enemies":"3 Cultists","floor":21.0,"turns":5.0},{"damage":4.0,"enemies":"Snecko","floor":22.0,"turns":4.0},{"damage":25.0,"enemies":"Gremlin Leader","floor":24.0,"turns":5.0},{"damage":15.0,"enemies":"Centurion and Healer","floor":31.0,"turns":3.0},{"damage":39.0,"enemies":"Champ","floor":33.0,"turns":9.0},{"damage":0.0,"enemies":"Orb Walker","floor":35.0,"turns":3.0},{"damage":3.0,"enemies":"3 Shapes","floor":36.0,"turns":5.0},{"damage":23,"enemies":"Mysterious Sphere","floor":38,"turns":8},{"damage":12,"enemies":"3 Darklings","floor":39,"turns":3},{"damage":0,"enemies":"Sphere and 2 Shapes","floor":45,"turns":1},{"damage":19,"enemies":"2 Orb Walkers","floor":46,"turns":5},{"damage":15,"enemies":"4 Shapes","floor":48,"turns":1},{"damage":26,"enemies":"Awakened One","floor":50,"turns":14}],"event_choices":[{"event_name":"Match and Keep!","player_choice":"1 cards matched","floor":2.0,"damage_taken":0.0},{"event_name":"Golden Wing","player_choice":"Card Removal","floor":8.0,"damage_taken":0.0},{"event_name":"Vampires","player_choice":"Ignored","floor":20.0,"damage_taken":0.0},{"event_name":"The Library","player_choice":"Heal","floor":28.0,"damage_taken":0.0},{"event_name":"Accursed Blacksmith","player_choice":"Forge","floor":29.0,"damage_taken":0.0},{"event_name":"Mysterious Sphere","player_choice":"Fight","floor":38,"damage_taken":0},{"event_name":"Match and Keep!","player_choice":"2 cards matched","floor":42,"damage_taken":0},{"event_name":"Tomb of Lord Red Mask","player_choice":"Paid","floor":47,"damage_taken":0}],"boss_relics":[],"potions_floor_spawned":[1,5,7,14,18,22,24,31,36,39,46,48],"seed_played":"-8870929397065499691","ascension_level":0,"is_trial":false}