{"path_per_floor":["M","M","?","M","$","R","?","E","T","R","M","R","?","M","R","B",null,"M","M","M","$","M","R","?","?","T","M","R","$","M","M","R","B",null,"M","?","M","$","?","E","$","R","T","R","M","M","?"],"character_chosen":"IRONCLAD","items_purchased":["Torii","Energy Potion"],"gold_per_floor":[114,134,134,148,73,73,73,107,153,153,168,168,168,184,184,286,286,306,326,337,38,57,57,17,17,98,114,114,14,25,45,45,147,147,160,160,178,4,4,39,39,39,39,39,52,62,62],"floor_reached":48,"campfire_rested":3,"playtime":3734,"current_hp_per_floor":[77,78,62,68,68,68,68,69,69,69,72,72,72,72,72,72,80,80,65,58,58,53,77,77,77,77,80,80,80,82,84,84,38,84,80,94,88,88,88,39,39,67,67,94,94,81,81],"items_purged":["Defend_R","Strike_R","Strike_R"],"gold":62,"score":494,"play_id":"2d8864c0-7c71-4f3f-86db-62f5511607f0","is_prod":false,"is_daily":false,"is_ascension_mode":true,"campfire_upgraded":6,"path_taken":["M","M","?","M","$","R","?","E","T","R","M","R","?","?","R","BOSS","M","M","M","$","M","R","?","?","T","?","R","?","M","M","R","BOSS","M","?","M","?","?","E","$","R","T","R","?","M","?","M"],"build_version":"2018-02-15-PROD1","purchased_purges":3,"victory":false,"master_deck":["Strike_R","Defend_R+1","Defend_R+1","Bash+1","Thunderclap+1","Headbutt+1","Battle Trance+1","Headbutt+1","Whirlwind+1","Impervious+1","Warcry+1","Pommel Strike+1","Body Slam+1","Twin Strike+1","Ghostly Armor+1","Exhume+1","Exhume","Bloodletting+1","Bash","Iron Wave","Pommel Strike+1"],"max_hp_per_floor":[80,80,80,80,80,80,80,80,80,80,80,80,80,80,80,80,80,80,80,80,80,80,80,80,80,80,80,80,80,84,84,84,84,84,84,94,94,94,94,94,94,94,94,94,94,94,94],"relics":["Black Blood","Paper Frog","War Paint","Astrolabe","Torii","Ornamental Fan","Ginger","Art of War"],"card_choices":[{"not_picked":["Anger","Uppercut"],"picked":"Thunderclap"},{"not_picked":["Hemokinesis","Dual Wield"],"picked":"Headbutt"},{"not_picked":["Entrench","Searing Blow"],"picked":"Battle Trance"},{"not_picked":["Spot Weakness","Rupture"],"picked":"Headbutt"},{"not_picked":["Pommel Strike","Spot Weakness"],"picked":"Whirlwind"},{"not_picked":["Dark Embrace","Demon Form"],"picked":"Impervious"},{"not_picked":["Anger","Intimidate"],"picked":"Body Slam"},{"not_picked":["Thunderclap","Searing Blow"],"picked":"Twin Strike"},{"not_picked":["Thunderclap","Wild Strike"],"picked":"Ghostly Armor"},{"not_picked":["Feel No Pain","Sword Boomerang"],"picked":"Exhume"},{"not_picked":["Dark Embrace","Limit Break"],"picked":"Exhume"},{"not_picked":["Whirlwind","Iron Wave"],"picked":"Bloodletting"},{"not_picked":["Infernal Blade","Twin Strike"],"picked":"Iron Wave"},{"not_picked":["Disarm","Sword Boomerang"],"picked":"Pommel Strike"}],"player_experience":173207,"potions_floor_usage":[8,19,20,20,22,22,27,30,31,33,40,48],"damage_taken":[{"damage":9,"enemies":"Jaw Worm","floor":1,"turns":3},{"damage":5,"enemies":"Small Slimes","floor":2,"turns":4},{"damage":0,"enemies":"Cultist","floor":4,"turns":3},{"damage":20,"enemies":"3 Sentries","floor":8,"turns":6},{"damage":3,"enemies":"Looter","floor":11,"turns":2},{"damage":6,"enemies":"Exordium Thugs","floor":14,"turns":4},{"damage":6,"enemies":"Slime Boss","floor":16,"turns":6},{"damage":6,"enemies":"Chosen","floor":18,"turns":3},{"damage":21,"enemies":"Shell Parasite","floor":19,"turns":5},{"damage":16,"enemies":"Snake Plant","floor":20,"turns":2},{"damage":17,"enemies":"Slaver and Parasite","floor":22,"turns":3},{"damage":1,"enemies":"Snecko","floor":27,"turns":3},{"damage":8,"enemies":"Snake Plant","floor":30,"turns":3},{"damage":0,"enemies":"Sentry and Sphere","floor":31,"turns":4},{"damage":52,"enemies":"Collector","floor":33,"turns":11},{"damage":14,"enemies":"3 Darklings","floor":35,"turns":4},{"damage":16,"enemies":"Orb Walker","floor":37,"turns":3},{"damage":59,"enemies":"Nemesis","floor":40,"turns":9},{"damage":9,"enemies":"Maw","floor":45,"turns":7},{"damage":23,"enemies":"3 Darklings","floor":46,"turns":4},{"damage":88,"enemies":"Sphere and 2 Shapes","floor":48,"turns":12}],"event_choices":[{"event_name":"Shining Light","player_choice":"Entered Light","floor":3,"damage_taken":0},{"event_name":"The Lab","player_choice":"Got Potions","floor":7,"damage_taken":0},{"event_name":"Liars Game","player_choice":"disagreed","floor":13,"damage_taken":0},{"event_name":"The Woman in Blue","player_choice":"Bought 3 Potions","floor":24,"damage_taken":0},{"event_name":"Upgrade Shrine","player_choice":"Upgraded","floor":25,"damage_taken":0},{"event_name":"Bonfire Elementals","player_choice":"RARE","floor":36,"damage_taken":0},{"event_name":"Match and Keep!","player_choice":"1 cards matched","floor":39,"damage_taken":0}],"boss_relics":[{"not_picked":["Philosopher\u0027s Stone","Lizard Tail"],"picked":"Astrolabe"},{"not_picked":["Orrery","Black Star"],"picked":"Black Blood"}],"potions_floor_spawned":[2,4,14,16,19,20,31,40,46],"seed_played":"-5786960814643696381","killed_by":"Sphere and 2 Shapes","ascension_level":4,"is_trial":false}