{"path_per_floor":["M","?","M","$","?","R","?","E","T","R","M","M","R","M","R","B",null,"M","?","?","M","?","E","R","E","T","R","M","?","?","E","R","B",null,"M","$","?","?","M","R","M","R","T","$","?","?","E","?","R"],"character_chosen":"IRONCLAD","items_purchased":["Armaments","Pommel Strike","Whetstone","Oddly Smooth Stone"],"gold_per_floor":[119,119,134,6,6,6,6,35,35,35,55,70,70,88,88,185,185,196,196,196,212,212,243,243,273,296,296,309,309,309,334,334,439,439,458,263,263,313,326,326,337,337,337,82,82,0,32,32,32],"floor_reached":50,"campfire_rested":4,"playtime":5636,"current_hp_per_floor":[70,70,72,72,65,65,65,67,67,67,72,72,72,72,72,40,72,72,72,72,72,72,48,69,49,49,70,71,71,71,57,72,67,72,67,67,67,64,58,58,59,59,59,59,72,72,52,52,72],"items_purged":["Strike_R","Armaments"],"gold":32,"score":591,"play_id":"6a376a71-8254-4fc2-aa09-21609e89c98f","is_prod":false,"is_daily":false,"is_ascension_mode":true,"campfire_upgraded":6,"path_taken":["M","?","M","$","?","R","?","E","T","R","M","?","R","?","R","BOSS","M","?","?","?","?","E","R","E","T","R","M","?","?","E","R","BOSS","M","$","?","?","M","R","M","R","T","$","?","?","E","?","R","BOSS"],"build_version":"2018-02-15-PROD1","purchased_purges":3,"victory":false,"master_deck":["Bash+1","Infernal Blade+1","Demon Form+1","Armaments+1","Shrug It Off","Warcry+1","Brutality+1","Pommel Strike+1","Bloodletting+1","Ghostly Armor","Rupture+1","Headbutt","Reaper+1","Spot Weakness","Metallicize","Pommel Strike+1","Thunderclap+1","Rampage+1"],"max_hp_per_floor":[72,72,72,72,72,72,72,72,72,72,72,72,72,72,72,72,72,72,72,72,72,72,72,72,72,72,72,72,72,72,72,72,72,72,72,72,72,72,72,72,72,72,72,72,72,72,72,72,72],"relics":["Burning Blood","Bottled Tornado","Gambling Chip","Sozu","Bronze Scales","Letter Opener","Ancient Tea Set","Bag of Marbles","Juzu Bracelet","Pandora\u0027s Box","Whetstone","Thread and Needle","Blood Vial","Oddly Smooth Stone","Red Mask","Vajra"],"card_choices":[{"not_picked":["Body Slam","Sentinel"],"picked":"Infernal Blade"},{"not_picked":["Disarm","Anger"],"picked":"Demon Form"},{"not_picked":["Havoc","Hemokinesis"],"picked":"Shrug It Off"},{"not_picked":["Cleave","Clothesline"],"picked":"Warcry"},{"not_picked":["Clothesline","Perfected Strike"],"picked":"Shockwave"},{"not_picked":["Exhume","Demon Form"],"picked":"Brutality"},{"not_picked":["Burning Pact","Evolve"],"picked":"Pommel Strike"},{"not_picked":["Clothesline","Sword Boomerang"],"picked":"Bloodletting"},{"not_picked":["Havoc","Flex"],"picked":"Ghostly Armor"},{"not_picked":["Searing Blow","Pommel Strike"],"picked":"Rupture"},{"not_picked":["Shrug It Off","Havoc"],"picked":"Headbutt"},{"not_picked":["Impervious","Barricade"],"picked":"Reaper"},{"not_picked":["Flex","Metallicize"],"picked":"Thunderclap"},{"not_picked":["Havoc","Wild Strike"],"picked":"Rampage"}],"player_experience":138298,"potions_floor_usage":[8,8,11,16],"damage_taken":[{"damage":8,"enemies":"Jaw Worm","floor":1,"turns":5},{"damage":4,"enemies":"Cultist","floor":3,"turns":3},{"damage":13,"enemies":"Gremlin Nob","floor":8,"turns":4},{"damage":0,"enemies":"Small Slimes","floor":11,"turns":1},{"damage":1,"enemies":"3 Louse","floor":12,"turns":4},{"damage":0,"enemies":"Exordium Wildlife","floor":14,"turns":4},{"damage":38,"enemies":"Hexaghost","floor":16,"turns":8},{"damage":18,"enemies":"Chosen","floor":18,"turns":6},{"damage":6,"enemies":"3 Byrds","floor":21,"turns":6},{"damage":30,"enemies":"Gremlin Leader","floor":23,"turns":7},{"damage":26,"enemies":"Book of Stabbing","floor":25,"turns":4},{"damage":5,"enemies":"Snecko","floor":28,"turns":4},{"damage":20,"enemies":"Slavers","floor":31,"turns":4},{"damage":26,"enemies":"Champ","floor":33,"turns":6},{"damage":11,"enemies":"3 Darklings","floor":35,"turns":4},{"damage":39,"enemies":"Mysterious Sphere","floor":38,"turns":5},{"damage":12,"enemies":"Orb Walker","floor":39,"turns":4},{"damage":20,"enemies":"Maw","floor":41,"turns":6},{"damage":43,"enemies":"2 Orb Walkers","floor":47,"turns":4},{"damage":97,"enemies":"Awakened One","floor":50,"turns":8}],"event_choices":[{"event_name":"The Lab","player_choice":"Got Potions","floor":2,"damage_taken":0},{"event_name":"Golden Wing","player_choice":"Card Removal","floor":5,"damage_taken":0},{"event_name":"Wheel of Change","player_choice":"Card Removal","floor":7,"damage_taken":0},{"event_name":"The Woman in Blue","player_choice":"Bought 0 Potions","floor":19,"damage_taken":0},{"event_name":"Upgrade Shrine","player_choice":"Upgraded","floor":20,"damage_taken":0},{"event_name":"The Mausoleum","player_choice":"Yes","floor":22,"damage_taken":0},{"event_name":"Bonfire Elementals","player_choice":"BASIC","floor":29,"damage_taken":0},{"event_name":"Accursed Blacksmith","player_choice":"Forge","floor":30,"damage_taken":0},{"event_name":"Mysterious Sphere","player_choice":"Fight","floor":38,"damage_taken":0},{"event_name":"Winding Halls","player_choice":"Writhe","floor":45,"damage_taken":0},{"event_name":"Tomb of Lord Red Mask","player_choice":"Paid","floor":46,"damage_taken":0},{"event_name":"Purifier","player_choice":"One Purge","floor":48,"damage_taken":0}],"boss_relics":[{"not_picked":["Question Card","Orrery"],"picked":"Sozu"},{"not_picked":["Tiny House","White Beast Statue"],"picked":"Pandora\u0027s Box"}],"potions_floor_spawned":[3,8,11,16,25,31,35],"seed_played":"4811031598010002950","killed_by":"Awakened One","ascension_level":4,"is_trial":false}