{"path_per_floor":["M","?","$","?","M","R","E","M","T","M","R","M","$","E","R","B",null,"M","$","M","$","?","E","R","M","T","R","M","M","?","?","R","B",null,"M","?","$","M","M","R","M","R","T","E","M","M","M","?","R","B"],"character_chosen":"IRONCLAD","items_purchased":[],"gold_per_floor":[117,117,42,42,52,52,85,99,126,137,137,152,52,82,82,186,186,203,78,98,98,98,133,133,147,147,147,163,179,179,104,104,204,204,219,219,69,87,100,100,120,120,120,149,160,176,193,193,193,193],"floor_reached":51,"campfire_rested":3,"playtime":2076,"current_hp_per_floor":[80,80,80,64,67,67,50,56,56,46,46,52,52,50,74,42,80,80,80,80,80,65,40,65,71,71,71,73,66,66,66,66,23,85,85,85,85,85,85,85,85,85,85,78,74,76,69,69,85,20],"items_purged":["Defend_R","Defend_R","Strike_R","Defend_R"],"gold":193,"score":768,"play_id":"569c6005-32ff-4b7b-9c1c-76bd8aea3685","local_time":"20180302233145","is_prod":false,"is_daily":false,"is_ascension_mode":true,"campfire_upgraded":6,"timestamp":1520062305,"path_taken":["M","?","$","?","M","R","E","M","T","M","R","M","$","E","R","BOSS","M","$","M","$","?","E","R","M","T","R","M","M","?","?","R","BOSS","M","?","$","M","M","R","M","R","T","E","M","M","M","?","R","BOSS"],"build_version":"2018-03-02-BETA2","purchased_purges":4,"victory":true,"master_deck":["Defend_R+1","Bash+1","Bludgeon+1","Whirlwind+1","Shrug It Off+1","Thunderclap+1","Shrug It Off+1","Offering+1","Double Tap+1","Battle Trance+1","Inflame+1","Brutality","Shrug It Off+1"],"max_hp_per_floor":[80,80,80,80,80,80,80,80,80,80,80,80,80,80,80,80,80,80,80,80,80,85,85,85,85,85,85,85,85,85,85,85,85,85,85,85,85,85,85,85,85,85,85,85,85,85,85,85,85,85],"relics":["Burning Blood","Bottled Flame","Juzu Bracelet","Toxic Egg 2","Runic Dome","Toolbox","Ginger","Runic Cube","Orichalcum","Gambling Chip"],"card_choices":[{"not_picked":["Infernal Blade","Wild Strike"],"picked":"Bludgeon"},{"not_picked":["Armaments","Reckless Charge"],"picked":"Shrug It Off"},{"not_picked":["Flex","Dropkick"],"picked":"Thunderclap"},{"not_picked":["Anger","Dual Wield"],"picked":"Shrug It Off"},{"not_picked":["Shrug It Off","Hemokinesis"],"picked":"Offering"},{"not_picked":["Limit Break","Demon Form"],"picked":"Double Tap"},{"not_picked":["Sword Boomerang","Perfected Strike"],"picked":"Battle Trance"},{"not_picked":["Spot Weakness","Shrug It Off"],"picked":"Inflame"},{"not_picked":["Fiend Fire","Demon Form"],"picked":"Brutality"},{"not_picked":["Clash","Dropkick"],"picked":"Shrug It Off"}],"player_experience":58716,"potions_floor_usage":[10,33,33,44,50],"damage_taken":[{"damage":0,"enemies":"2 Louse","floor":1,"turns":3},{"damage":3,"enemies":"Jaw Worm","floor":5,"turns":3},{"damage":23,"enemies":"Lagavulin","floor":7,"turns":5},{"damage":0,"enemies":"Small Slimes","floor":8,"turns":2},{"damage":16,"enemies":"Exordium Thugs","floor":10,"turns":4},{"damage":0,"enemies":"3 Louse","floor":12,"turns":2},{"damage":8,"enemies":"3 Sentries","floor":14,"turns":5},{"damage":38,"enemies":"The Guardian","floor":16,"turns":6},{"damage":4,"enemies":"3 Byrds","floor":18,"turns":2},{"damage":0,"enemies":"Spheric Guardian","floor":20,"turns":1},{"damage":31,"enemies":"Gremlin Leader","floor":23,"turns":3},{"damage":0,"enemies":"Snake Plant","floor":25,"turns":1},{"damage":4,"enemies":"Cultist and Chosen","floor":28,"turns":2},{"damage":13,"enemies":"Centurion and Healer","floor":29,"turns":3},{"damage":49,"enemies":"Champ","floor":33,"turns":8},{"damage":5,"enemies":"Orb Walker","floor":35,"turns":2},{"damage":5,"enemies":"3 Shapes","floor":38,"turns":4},{"damage":4,"enemies":"Flame Bruiser 2 Orb","floor":39,"turns":1},{"damage":4,"enemies":"Spire Growth","floor":41,"turns":2},{"damage":13,"enemies":"Giant Head","floor":44,"turns":3},{"damage":10,"enemies":"4 Shapes","floor":45,"turns":1},{"damage":4,"enemies":"3 Darklings","floor":46,"turns":1},{"damage":13,"enemies":"Sphere and 2 Shapes","floor":47,"turns":1},{"damage":71,"enemies":"Time Eater","floor":50,"turns":7}],"event_choices":[{"event_name":"Living Wall","player_choice":"Change","floor":2,"damage_taken":0},{"event_name":"Shining Light","player_choice":"Entered Light","floor":4,"damage_taken":0},{"event_name":"Forgotten Altar","player_choice":"Shed Blood","floor":22,"damage_taken":0},{"event_name":"The Lab","player_choice":"Got Potions","floor":30,"damage_taken":0},{"event_name":"Beggar","player_choice":"Gave Gold","floor":31,"damage_taken":0},{"event_name":"Tomb of Lord Red Mask","player_choice":"Ignored","floor":36,"damage_taken":0}],"boss_relics":[{"not_picked":["Lizard Tail","White Beast Statue"],"picked":"Runic Dome"},{"not_picked":["Calling Bell","Pandora\u0027s Box"],"picked":"Runic Cube"}],"potions_floor_spawned":[1,12,16,18,28,33,35,39,46],"seed_played":"-6947105178648632548","ascension_level":1,"is_trial":false}