{"path_per_floor":["M","$","?","$","?","E","$","E","T","?","M","E","M","E","R","B",null,"M","?","?","M","$","R","E","R","T","M","M","?","$","M","R","B",null,"M","?","M","$","M","?","$","M","T","R"],"character_chosen":"IRONCLAD","items_purchased":["Shrug It Off","Body Slam","Bag of Marbles","Shrug It Off","Offering","Energy Potion"],"gold_per_floor":[115,40,40,40,40,69,69,95,120,120,130,160,176,206,206,309,309,325,305,305,315,111,111,143,143,211,222,235,235,110,127,127,224,224,240,240,253,57,75,421,86,105,132,132],"floor_reached":45,"campfire_rested":0,"playtime":2288,"current_hp_per_floor":[80,80,69,69,69,75,75,81,81,81,85,80,86,87,87,59,87,86,86,69,75,75,75,77,77,77,67,70,70,70,76,76,46,92,92,92,85,85,91,78,78,84,84,90],"items_purged":["Defend_R","Defend_R","Bash","Defend_R"],"gold":132,"score":508,"play_id":"1417d288-008e-485c-95fa-179d82b09f77","local_time":"20180302142129","is_prod":false,"is_daily":false,"is_ascension_mode":true,"campfire_upgraded":5,"timestamp":1520029289,"path_taken":["M","$","?","$","?","E","$","E","T","?","M","E","M","E","R","BOSS","M","?","?","M","$","R","E","R","T","?","M","?","$","M","R","BOSS","M","?","M","$","M","?","?","M","T","R","E"],"build_version":"2018-03-01-BETA2","purchased_purges":4,"victory":false,"master_deck":["Strike_R+1","Strike_R+1","Armaments+1","Flame Barrier+1","Double Tap+1","Impervious+1","Disarm+1","Uppercut+1","Shrug It Off+1","Body Slam+1","Shrug It Off+1","Disarm+1","Barricade+1","Shrug It Off+1","Offering","Flame Barrier"],"max_hp_per_floor":[80,80,87,87,87,87,87,87,87,87,87,87,87,87,87,87,87,87,87,92,92,92,92,92,92,92,92,92,92,92,92,92,92,92,92,92,92,92,92,92,92,92,92,92],"relics":["Burning Blood","NeowsBlessing","Strawberry","Pen Nib","Regal Pillow","Whetstone","Lantern","Charon\u0027s Ashes","Astrolabe","Ornamental Fan","Self Forming Clay","Eternal Feather","Bag of Marbles","Old Coin","War Paint"],"card_choices":[{"not_picked":["Reckless Charge","Sever Soul"],"picked":"Armaments"},{"not_picked":["Armaments","Perfected Strike"],"picked":"Power Through"},{"not_picked":["Blood for Blood","Thunderclap"],"picked":"Flame Barrier"},{"not_picked":["Brutality","Berserk"],"picked":"Double Tap"},{"not_picked":["Seeing Red","Anger"],"picked":"Shrug It Off"},{"not_picked":["Inflame","Dual Wield"],"picked":"Disarm"},{"not_picked":["Berserk","Feed"],"picked":"Barricade"},{"not_picked":["Clash","Pommel Strike"],"picked":"Flame Barrier"}],"player_experience":54554,"potions_floor_usage":[12,14,16,16,21,24,24,33,33,40,42,45,45,45],"damage_taken":[{"damage":0,"enemies":"2 Louse","floor":1,"turns":1},{"damage":0,"enemies":"Lagavulin","floor":6,"turns":1},{"damage":0,"enemies":"3 Sentries","floor":8,"turns":2},{"damage":2,"enemies":"Jaw Worm","floor":11,"turns":4},{"damage":11,"enemies":"Lagavulin","floor":12,"turns":6},{"damage":0,"enemies":"Small Slimes","floor":13,"turns":3},{"damage":0,"enemies":"Gremlin Nob","floor":14,"turns":3},{"damage":34,"enemies":"The Guardian","floor":16,"turns":16},{"damage":7,"enemies":"Shell Parasite","floor":18,"turns":10},{"damage":0,"enemies":"3 Byrds","floor":21,"turns":6},{"damage":4,"enemies":"Book of Stabbing","floor":24,"turns":5},{"damage":16,"enemies":"Cultist and Chosen","floor":27,"turns":6},{"damage":3,"enemies":"Snake Plant","floor":28,"turns":4},{"damage":0,"enemies":"Centurion and Healer","floor":31,"turns":6},{"damage":36,"enemies":"Automaton","floor":33,"turns":6},{"damage":0,"enemies":"Orb Walker","floor":35,"turns":3},{"damage":13,"enemies":"Flame Bruiser 1 Orb","floor":37,"turns":7},{"damage":0,"enemies":"Sphere and 2 Shapes","floor":39,"turns":5},{"damage":34,"enemies":"Mysterious Sphere","floor":40,"turns":8},{"damage":0,"enemies":"4 Shapes","floor":42,"turns":5},{"damage":114,"enemies":"2 Orb Walkers","floor":45,"turns":9}],"event_choices":[{"event_name":"Scrap Ooze","player_choice":"success","floor":3,"damage_taken":18},{"event_name":"Accursed Blacksmith","player_choice":"Forge","floor":5,"damage_taken":0},{"event_name":"Bonfire Elementals","player_choice":"BASIC","floor":10,"damage_taken":0},{"event_name":"The Woman in Blue","player_choice":"Bought 1 Potion","floor":19,"damage_taken":0},{"event_name":"Forgotten Altar","player_choice":"Shed Blood","floor":20,"damage_taken":0},{"event_name":"Back to Basics","player_choice":"Elegance","floor":29,"damage_taken":0},{"event_name":"Tomb of Lord Red Mask","player_choice":"Ignored","floor":36,"damage_taken":0},{"event_name":"Mysterious Sphere","player_choice":"Fight","floor":40,"damage_taken":0}],"boss_relics":[{"not_picked":["Philosopher\u0027s Stone","Lizard Tail"],"picked":"Astrolabe"},{"not_picked":["Question Card","White Beast Statue"],"picked":"Eternal Feather"}],"potions_floor_spawned":[1,8,12,14,16,21,27,31,33,35,40,42],"seed_played":"-7043586499761472586","killed_by":"2 Orb Walkers","ascension_level":1,"is_trial":false}