{"path_per_floor":["M","M","?","?","$","R","M","?","T","R","?","M","$","M","R","B",null,"M","$","M","M","?","R","?","R","T","R","M","M","$","?","R","B",null,"M","M","?","$"],"character_chosen":"IRONCLAD","items_purchased":["Shrug It Off","Armaments","Inflame"],"gold_per_floor":[116,133,133,133,34,34,50,105,155,155,155,165,17,28,28,124,124,140,68,80,97,97,97,97,97,123,123,140,160,160,130,130,235,235,245,263,263,138],"floor_reached":39,"campfire_rested":3,"playtime":2508,"current_hp_per_floor":[74,66,59,34,34,58,64,20,20,47,47,51,51,57,57,42,78,72,72,74,61,61,61,61,61,61,88,87,89,89,89,89,55,81,68,39,39,39],"items_purged":["Strike_R","Defend_R","Wild Strike"],"gold":138,"score":498,"play_id":"4be1b563-418a-468e-bc02-d6bbc4b47941","local_time":"20180312090353","is_prod":false,"is_daily":false,"is_ascension_mode":true,"campfire_upgraded":4,"timestamp":1520870633,"path_taken":["M","M","?","?","$","R","M","?","T","R","?","M","$","?","R","BOSS","M","$","?","M","?","R","?","R","T","R","M","M","?","?","R","BOSS","M","?","?","$","?"],"build_version":"2018-03-08-BETA","purchased_purges":7,"victory":false,"master_deck":["Bash+1","Thunderclap","Metallicize","Shrug It Off","Headbutt","Armaments+1","Shrug It Off","Offering","Flex+1","Dual Wield","Iron Wave","Inflame+1","Battle Trance+1","Infernal Blade+1","Spot Weakness","Offering"],"max_hp_per_floor":[80,80,80,80,80,80,80,90,90,90,90,90,90,90,90,90,90,90,90,90,90,90,90,90,90,90,90,90,90,90,90,90,90,90,90,90,90,90],"relics":["Burning Blood","Anchor","Pear","Orichalcum","Pandora\u0027s Box","Art of War","Velvet Choker"],"card_choices":[{"not_picked":["Clash","Fire Breathing"],"picked":"Thunderclap"},{"not_picked":["Intimidate","Cleave"],"picked":"Metallicize"},{"not_picked":["Sword Boomerang","Infernal Blade"],"picked":"Headbutt"},{"not_picked":["Second Wind","Sword Boomerang"],"picked":"Shrug It Off"},{"not_picked":["Berserk","Reaper"],"picked":"Offering"},{"not_picked":["Rage","Clothesline"],"picked":"Battle Trance"},{"not_picked":["Sword Boomerang","Battle Trance"],"picked":"Spot Weakness"},{"not_picked":["Bludgeon","Exhume"],"picked":"Offering"}],"player_experience":112036,"potions_floor_usage":[8,20,28,33,36,39,39],"damage_taken":[{"damage":4,"enemies":"Jaw Worm","floor":1,"turns":4},{"damage":14,"enemies":"2 Louse","floor":2,"turns":3},{"damage":0,"enemies":"Small Slimes","floor":7,"turns":4},{"damage":60,"enemies":"Lagavulin Event","floor":8,"turns":11},{"damage":2,"enemies":"Blue Slaver","floor":12,"turns":4},{"damage":0,"enemies":"3 Louse","floor":14,"turns":5},{"damage":21,"enemies":"The Guardian","floor":16,"turns":15},{"damage":12,"enemies":"Shell Parasite","floor":18,"turns":7},{"damage":4,"enemies":"Spheric Guardian","floor":20,"turns":3},{"damage":19,"enemies":"Snake Plant","floor":21,"turns":7},{"damage":7,"enemies":"Cultist and Chosen","floor":28,"turns":3},{"damage":4,"enemies":"3 Cultists","floor":29,"turns":3},{"damage":40,"enemies":"Collector","floor":33,"turns":6},{"damage":19,"enemies":"Flame Bruiser 1 Orb","floor":35,"turns":6},{"damage":50,"enemies":"3 Darklings","floor":36,"turns":8},{"damage":49,"enemies":"Sphere and 2 Shapes","floor":39,"turns":4}],"event_choices":[{"event_name":"Golden Wing","player_choice":"Card Removal","floor":3,"damage_taken":0},{"event_name":"Scrap Ooze","player_choice":"success","floor":4,"damage_taken":25},{"event_name":"Dead Adventurer","player_choice":"Searched \u00272\u0027 times","floor":8,"damage_taken":0},{"event_name":"Living Wall","player_choice":"Change","floor":11,"damage_taken":0},{"event_name":"Back to Basics","player_choice":"Elegance","floor":22,"damage_taken":0},{"event_name":"Transmorgrifier","player_choice":"Transform","floor":24,"damage_taken":0},{"event_name":"The Woman in Blue","player_choice":"Bought 2 Potions","floor":31,"damage_taken":0},{"event_name":"Tomb of Lord Red Mask","player_choice":"Ignored","floor":37,"damage_taken":0}],"boss_relics":[{"not_picked":["Sozu","Astrolabe"],"picked":"Pandora\u0027s Box"},{"not_picked":["Runic Pyramid","Mark of Pain"],"picked":"Velvet Choker"}],"potions_floor_spawned":[2,12,16,21,35,36],"seed_played":"-1746060381331602747","killed_by":"Sphere and 2 Shapes","ascension_level":7,"is_trial":false}