{"path_per_floor":["M","?","M","?","$","R","M","M","T","M","M","R","$","M","R","B",null,"M","M","?","M","$","R","M","R","T","?","M","M","M","M","R","B",null,"M","M","?","?","$","E","M","$","T","R","M","M","?","E","R","B"],"character_chosen":"IRONCLAD","items_purchased":["Shrug It Off","Body Slam","Champion Belt"],"gold_per_floor":[211,211,225,225,71,71,86,99,99,112,137,137,37,55,55,180,180,203,226,226,243,118,118,131,131,131,56,70,83,102,120,120,218,218,237,257,257,257,257,290,306,15,38,38,58,71,71,101,101,101],"floor_reached":51,"campfire_rested":1,"playtime":3706,"current_hp_per_floor":[80,60,61,66,66,66,66,67,67,71,57,57,57,60,60,59,85,85,85,85,75,75,75,70,70,70,70,78,56,56,67,67,52,85,85,85,74,74,74,51,50,50,55,80,78,72,72,75,75,46],"items_purged":["Strike_R","Strike_R","Strike_R"],"gold":101,"score":655,"play_id":"fd0f051e-3fb2-42dc-a444-d96f2bc2064c","local_time":"20180316132222","is_prod":false,"is_daily":false,"is_ascension_mode":false,"campfire_upgraded":7,"timestamp":1521231742,"path_taken":["M","?","M","?","$","R","M","?","T","M","M","R","?","?","R","BOSS","M","?","?","M","$","R","M","R","T","?","M","M","?","M","R","BOSS","M","M","?","?","?","E","M","$","T","R","M","M","?","E","R","BOSS"],"build_version":"2018-03-16","purchased_purges":3,"victory":true,"master_deck":["Strike_R","Strike_R","Defend_R","Defend_R","Defend_R","Bash","Thunderclap","Shrug It Off","Body Slam+1","Seeing Red","True Grit+1","Shrug It Off","Body Slam+1","Juggernaut+1","Battle Trance","Body Slam+1","Sentinel","Armaments+1","Ghostly Armor","Offering","Madness","Madness+1","Seeing Red+1","Shrug It Off+1","Warcry+1"],"max_hp_per_floor":[80,80,80,85,85,85,85,85,85,85,85,85,85,85,85,85,85,85,85,85,85,85,85,85,85,85,85,85,85,85,85,85,85,85,85,85,85,85,85,85,85,85,85,85,85,85,85,85,85,85],"relics":["Burning Blood","Bloody Idol","Self Forming Clay","Orrery","Lantern","Runic Cube","Juzu Bracelet","Champion Belt","Dream Catcher","Oddly Smooth Stone"],"card_choices":[{"not_picked":["Carnage","Iron Wave"],"picked":"Thunderclap"},{"not_picked":["Pommel Strike","Entrench"],"picked":"Warcry"},{"not_picked":["Sword Boomerang","Wild Strike"],"picked":"Seeing Red"},{"not_picked":["Havoc","Flex"],"picked":"True Grit"},{"not_picked":["Corruption","Warcry"],"picked":"Shrug It Off"},{"not_picked":["Perfected Strike","Clothesline"],"picked":"Body Slam"},{"not_picked":["Bludgeon","Impervious"],"picked":"Juggernaut"},{"not_picked":["True Grit","Body Slam"],"picked":"Battle Trance"},{"not_picked":["Rage","Corruption"],"picked":"Body Slam"},{"not_picked":["Reaper","Heavy Blade"],"picked":"Sentinel"},{"not_picked":["Power Through","Clash"],"picked":"Armaments"},{"not_picked":["Burning Pact","Intimidate"],"picked":"Ghostly Armor"},{"not_picked":["Feed","Limit Break"],"picked":"Offering"},{"not_picked":["Juggernaut","Twin Strike"],"picked":"Seeing Red"},{"not_picked":["Heavy Blade","Clothesline"],"picked":"Shrug It Off"},{"not_picked":["Iron Wave","Second Wind"],"picked":"Warcry"}],"player_experience":147361,"potions_floor_usage":[11,16,19,29,30,31,33,50,50,50],"damage_taken":[{"damage":5,"enemies":"Small Slimes","floor":1,"turns":4},{"damage":5,"enemies":"Jaw Worm","floor":3,"turns":4},{"damage":6,"enemies":"2 Louse","floor":7,"turns":3},{"damage":5,"enemies":"Lots of Slimes","floor":8,"turns":4},{"damage":2,"enemies":"Exordium Thugs","floor":10,"turns":4},{"damage":20,"enemies":"Gremlin Gang","floor":11,"turns":7},{"damage":3,"enemies":"Lots of Slimes","floor":14,"turns":5},{"damage":7,"enemies":"The Guardian","floor":16,"turns":9},{"damage":4,"enemies":"Shell Parasite","floor":18,"turns":6},{"damage":2,"enemies":"2 Thieves","floor":19,"turns":4},{"damage":21,"enemies":"Snake Plant","floor":21,"turns":4},{"damage":16,"enemies":"Centurion and Healer","floor":24,"turns":6},{"damage":3,"enemies":"Slaver and Parasite","floor":28,"turns":9},{"damage":33,"enemies":"Sentry and Sphere","floor":29,"turns":6},{"damage":11,"enemies":"Centurion and Healer","floor":30,"turns":5},{"damage":0,"enemies":"Snake Plant","floor":31,"turns":3},{"damage":26,"enemies":"Automaton","floor":33,"turns":11},{"damage":8,"enemies":"3 Shapes","floor":35,"turns":3},{"damage":7,"enemies":"Orb Walker","floor":36,"turns":3},{"damage":34,"enemies":"Giant Head","floor":40,"turns":8},{"damage":12,"enemies":"Flame Bruiser 2 Orb","floor":41,"turns":3},{"damage":13,"enemies":"Spire Growth","floor":45,"turns":5},{"damage":17,"enemies":"3 Darklings","floor":46,"turns":5},{"damage":8,"enemies":"Nemesis","floor":48,"turns":5},{"damage":35,"enemies":"Awakened One","floor":50,"turns":11}],"event_choices":[{"event_name":"Golden Idol","player_choice":"Take Damage","floor":2,"damage_taken":0},{"event_name":"Big Fish","player_choice":"Donut","floor":4,"damage_taken":0},{"event_name":"Forgotten Altar","player_choice":"Gave Idol","floor":20,"damage_taken":0},{"event_name":"Beggar","player_choice":"Gave Gold","floor":27,"damage_taken":0},{"event_name":"Winding Halls","player_choice":"Embrace Madness","floor":37,"damage_taken":0},{"event_name":"Tomb of Lord Red Mask","player_choice":"Ignored","floor":38,"damage_taken":0}],"boss_relics":[{"not_picked":["Philosopher\u0027s Stone","White Beast Statue"],"picked":"Orrery"},{"not_picked":["Lizard Tail","Black Blood"],"picked":"Runic Cube"}],"potions_floor_spawned":[7,10,14,28,29,30,31,41,45,48],"seed_played":"827833072161441753","ascension_level":0,"is_trial":false}