{"path_per_floor":["M","?","M","$","?","R","E","M","T","M","M","$","M","?","R","B",null,"M","M","?","?","$","R","M","?","T","E","M","R","M","M","R","B",null,"M","M","?","M","?","M","M","$","T","R","M","R","M","M","R"],"character_chosen":"IRONCLAD","items_purchased":["Inflame","Limit Break","Vajra","Metallicize","Shrug It Off","Champion Belt"],"gold_per_floor":[219,298,313,156,231,231,262,282,329,341,351,178,197,261,261,364,364,380,397,397,397,172,172,184,99,122,150,166,166,180,191,191,291,291,309,324,324,338,338,349,365,7,7,7,18,18,32,43,43,43],"floor_reached":50,"campfire_rested":2,"playtime":2584,"current_hp_per_floor":[80,80,80,80,69,69,58,67,67,68,69,69,64,10,34,15,80,44,46,46,46,46,70,57,57,57,55,64,64,65,80,80,64,80,80,80,80,80,80,80,78,78,78,78,80,80,80,79,79,0],"items_purged":["Strike_R","Strike_R"],"gold":43,"score":495,"play_id":"73b20d48-a90c-4d06-acaf-f0f205235623","local_time":"20180415003709","is_prod":false,"is_daily":false,"chose_seed":false,"is_ascension_mode":false,"campfire_upgraded":6,"timestamp":1523777829,"path_taken":["M","?","M","$","?","R","E","?","T","M","M","?","M","?","R","BOSS","M","M","?","?","$","R","M","?","T","E","?","R","M","M","R","BOSS","M","M","?","M","?","M","M","$","T","R","M","R","M","?","R","BOSS"],"build_version":"2018-04-13","seed_source_timestamp":822975561208377,"purchased_purges":3,"victory":false,"master_deck":["Strike_R+1","Strike_R+1","Defend_R+1","Defend_R+1","Defend_R+1","Defend_R+1","Bash+1","Heavy Blade+1","Battle Trance","Inflame+1","Armaments+1","Dual Wield","Limit Break+1","Reaper+1","Heavy Blade","Metallicize","Heavy Blade+1","Whirlwind","Thunderclap","Impervious","Burning Pact+1","Seeing Red+1","Shrug It Off","Shrug It Off+1","True Grit+1","Inflame+1"],"max_hp_per_floor":[80,80,80,80,80,80,80,80,80,80,80,80,80,80,80,80,80,80,80,80,80,80,80,80,80,80,80,80,80,80,80,80,80,80,80,80,80,80,80,80,80,80,80,80,80,80,80,80,80,80],"relics":["Black Blood","Magic Flower","Prayer Wheel","Pantograph","Vajra","Meat on the Bone","Happy Flower","Whetstone","Sozu","Champion Belt","Sundial"],"card_choices":[{"not_picked":["Disarm","Clothesline"],"picked":"Heavy Blade","floor":1},{"not_picked":["Cleave","Seeing Red"],"picked":"Battle Trance","floor":3},{"not_picked":["Rupture","Warcry"],"picked":"Armaments","floor":8},{"not_picked":["Burning Pact","Perfected Strike"],"picked":"Dual Wield","floor":11},{"not_picked":["Barricade","Bludgeon"],"picked":"Reaper","floor":16},{"not_picked":["Warcry","Sentinel"],"picked":"Heavy Blade","floor":18},{"not_picked":["Entrench","Intimidate"],"picked":"Heavy Blade","floor":24},{"not_picked":["Feed","Dual Wield"],"picked":"Whirlwind","floor":27},{"not_picked":["Warcry","Havoc"],"picked":"Thunderclap","floor":30},{"not_picked":["Exhume","Dark Embrace"],"picked":"Impervious","floor":33},{"not_picked":["Intimidate","Disarm"],"picked":"Burning Pact","floor":35},{"not_picked":["Thunderclap","Iron Wave"],"picked":"Seeing Red","floor":40},{"not_picked":["Clothesline","Heavy Blade"],"picked":"Shrug It Off","floor":43},{"not_picked":["Sword Boomerang","Thunderclap"],"picked":"True Grit","floor":47},{"not_picked":["Burning Pact","Fire Breathing"],"picked":"Inflame","floor":48}],"player_experience":276715,"potions_floor_usage":[7,11,14,16,16,27,33,50],"damage_taken":[{"damage":1,"enemies":"Jaw Worm","floor":1,"turns":5},{"damage":1,"enemies":"Cultist","floor":3,"turns":3},{"damage":17,"enemies":"Gremlin Nob","floor":7,"turns":4},{"damage":0,"enemies":"2 Louse","floor":8,"turns":2},{"damage":8,"enemies":"2 Fungi Beasts","floor":10,"turns":4},{"damage":8,"enemies":"Red Slaver","floor":11,"turns":3},{"damage":14,"enemies":"Large Slime","floor":13,"turns":7},{"damage":63,"enemies":"Gremlin Nob","floor":14,"turns":6},{"damage":66,"enemies":"Hexaghost","floor":16,"turns":9},{"damage":51,"enemies":"Shell Parasite","floor":18,"turns":7},{"damage":13,"enemies":"Chosen","floor":19,"turns":6},{"damage":37,"enemies":"Snecko","floor":24,"turns":6},{"damage":35,"enemies":"Slavers","floor":27,"turns":4},{"damage":24,"enemies":"Centurion and Healer","floor":28,"turns":5},{"damage":14,"enemies":"Sentry and Sphere","floor":30,"turns":4},{"damage":12,"enemies":"Snake Plant","floor":31,"turns":4},{"damage":72,"enemies":"Automaton","floor":33,"turns":9},{"damage":26,"enemies":"3 Shapes","floor":35,"turns":5},{"damage":14,"enemies":"3 Darklings","floor":36,"turns":5},{"damage":27,"enemies":"Maw","floor":38,"turns":7},{"damage":6,"enemies":"Flame Bruiser 2 Orb","floor":40,"turns":5},{"damage":17,"enemies":"3 Darklings","floor":41,"turns":3},{"damage":19,"enemies":"Maw","floor":45,"turns":7},{"damage":9,"enemies":"Spire Growth","floor":47,"turns":5},{"damage":35,"enemies":"Sphere and 2 Shapes","floor":48,"turns":6},{"damage":84,"enemies":"Donu and Deca","floor":50,"turns":5}],"event_choices":[{"event_name":"Golden Wing","player_choice":"Gained Gold","floor":2,"damage_taken":0},{"event_name":"World of Goop","player_choice":"Gather Gold","floor":5,"damage_taken":0},{"event_name":"Dead Adventurer","player_choice":"Searched \u00273\u0027 times","floor":14,"damage_taken":0},{"event_name":"Match and Keep!","player_choice":"0 cards matched","floor":20,"damage_taken":0},{"event_name":"Back to Basics","player_choice":"Simplicity","floor":21,"damage_taken":0},{"event_name":"Addict","player_choice":"Obtained Relic","floor":25,"damage_taken":0},{"event_name":"Purifier","player_choice":"One Purge","floor":37,"damage_taken":0},{"event_name":"Mysterious Sphere","player_choice":"Ignore","floor":39,"damage_taken":0}],"boss_relics":[{"not_picked":["Mark of Pain","Pandora\u0027s Box"],"picked":"Black Blood"},{"not_picked":["Runic Cube","Eternal Feather"],"picked":"Sozu"}],"potions_floor_spawned":[3,10,13,14,14,24,31,33,38,40,45],"seed_played":"4194275303850434349","killed_by":"Donu and Deca","ascension_level":0,"is_trial":false}