{"path_per_floor":["M","?","M","M","M","R","M","E","T","R","$","R","?","$","R","B",null,"M","?","M","M","M","R","?","T","T","E","R","$","M","?","R","B",null,"M","?","?","M","M","R","E","$","T","M","R","?","M","M","R","B"],"character_chosen":"IRONCLAD","items_purchased":["Ghostly Armor","Shrug It Off","Shrug It Off","Oddly Smooth Stone"],"gold_per_floor":[109,109,122,137,156,156,175,208,208,208,9,9,9,9,9,105,105,115,115,135,152,166,166,166,166,213,238,238,111,126,126,126,229,229,244,244,244,262,282,282,316,44,71,91,91,91,109,129,129,129],"floor_reached":51,"campfire_rested":1,"playtime":3298,"current_hp_per_floor":[80,85,85,84,75,75,75,64,64,64,64,64,57,57,57,63,85,84,84,79,70,37,68,68,68,68,62,70,70,72,72,80,42,89,91,91,81,66,71,79,86,86,95,97,104,91,100,105,108,77],"items_purged":["Strike_R","Demon Form","Strike_R"],"gold":129,"score":798,"play_id":"2262bba8-5438-44ba-a568-9a58bb10d15e","local_time":"20180407142240","is_prod":false,"is_daily":false,"is_ascension_mode":false,"campfire_upgraded":9,"timestamp":1523136160,"path_taken":["M","?","M","M","M","R","M","E","T","R","$","R","?","?","R","BOSS","M","?","M","M","M","R","?","?","T","E","R","?","M","?","R","BOSS","M","?","?","M","M","R","E","$","T","?","R","?","M","M","R","BOSS"],"build_version":"2018-04-05","purchased_purges":3,"victory":true,"master_deck":["Defend_R","Defend_R","Defend_R","Defend_R","Bash","Armaments+1","Body Slam+1","Body Slam+1","Barricade+1","Shrug It Off","Disarm","Ghostly Armor","Shrug It Off","Double Tap+1","True Grit+1","Body Slam+1","Shrug It Off","Impervious+1","Shrug It Off","Purity","Dramatic Entrance","Jack Of All Trades+1","Entrench+1","Second Wind","Madness","Madness+1"],"max_hp_per_floor":[80,85,85,85,85,85,85,85,85,85,85,85,85,85,85,85,85,85,85,85,85,85,85,85,85,85,85,85,85,87,87,87,89,89,91,91,91,91,93,93,95,95,104,104,104,104,106,108,108,108],"relics":["Burning Blood","Prayer Wheel","Dead Branch","Eternal Feather","Champion Belt","Art of War","Singing Bowl","Velvet Choker","Dream Catcher","Oddly Smooth Stone","Strawberry"],"card_choices":[{"not_picked":["Sentinel","Pommel Strike"],"picked":"Armaments","floor":1.0},{"not_picked":["Wild Strike","Shockwave"],"picked":"Body Slam","floor":3.0},{"not_picked":["Perfected Strike","True Grit"],"picked":"Body Slam","floor":4.0},{"not_picked":["Heavy Blade","Flex"],"picked":"Barricade","floor":5.0},{"not_picked":["Wild Strike","Clash"],"picked":"Shrug It Off","floor":7.0},{"not_picked":["Anger","Power Through"],"picked":"Disarm","floor":8.0},{"not_picked":["Exhume","Barricade"],"picked":"Double Tap","floor":16.0},{"not_picked":["Headbutt","Pommel Strike"],"picked":"True Grit","floor":18.0},{"not_picked":["True Grit","Searing Blow"],"picked":"Body Slam","floor":25.0},{"not_picked":["Second Wind","Heavy Blade"],"picked":"Shrug It Off","floor":26.0},{"not_picked":["Headbutt","Wild Strike"],"picked":"Impervious","floor":27.0},{"not_picked":["Trip","Secret Weapon"],"picked":"Purity","floor":37},{"not_picked":["Dark Shackles","Blind"],"picked":"Dramatic Entrance","floor":37},{"not_picked":["Blind","Good Instincts"],"picked":"Jack Of All Trades","floor":37},{"not_picked":["Cleave","Flex"],"picked":"Entrench","floor":38},{"not_picked":["Wild Strike","Cleave"],"picked":"Second Wind","floor":44}],"player_experience":243535,"potions_floor_usage":[41,41,50],"damage_taken":[{"damage":4.0,"enemies":"2 Louse","floor":1.0,"turns":3.0},{"damage":2.0,"enemies":"Jaw Worm","floor":3.0,"turns":4.0},{"damage":7.0,"enemies":"Small Slimes","floor":4.0,"turns":5.0},{"damage":15.0,"enemies":"Looter","floor":5.0,"turns":3.0},{"damage":6.0,"enemies":"Blue Slaver","floor":7.0,"turns":5.0},{"damage":17.0,"enemies":"3 Sentries","floor":8.0,"turns":8.0},{"damage":0.0,"enemies":"The Guardian","floor":16.0,"turns":8.0},{"damage":7.0,"enemies":"Chosen","floor":18.0,"turns":7.0},{"damage":11.0,"enemies":"Shell Parasite","floor":20.0,"turns":5.0},{"damage":15.0,"enemies":"Snake Plant","floor":21.0,"turns":8.0},{"damage":39.0,"enemies":"Slaver and Parasite","floor":22.0,"turns":9.0},{"damage":12.0,"enemies":"Gremlin Leader","floor":27.0,"turns":10.0},{"damage":6.0,"enemies":"3 Cultists","floor":30.0,"turns":5.0},{"damage":52.0,"enemies":"Collector","floor":33.0,"turns":9.0},{"damage":2,"enemies":"3 Shapes","floor":35,"turns":3},{"damage":21,"enemies":"3 Darklings","floor":38,"turns":6},{"damage":4,"enemies":"4 Shapes","floor":39,"turns":6},{"damage":1,"enemies":"Nemesis","floor":41,"turns":5},{"damage":4,"enemies":"Flame Bruiser 2 Orb","floor":44,"turns":5},{"damage":3,"enemies":"3 Darklings","floor":47,"turns":7},{"damage":9,"enemies":"Maw","floor":48,"turns":11},{"damage":37,"enemies":"Time Eater","floor":50,"turns":11}],"event_choices":[{"event_name":"Big Fish","player_choice":"Donut","floor":2.0,"damage_taken":0.0},{"event_name":"Golden Wing","player_choice":"Card Removal","floor":13.0,"damage_taken":0.0},{"event_name":"Upgrade Shrine","player_choice":"Upgraded","floor":19.0,"damage_taken":0.0},{"event_name":"Transmorgrifier","player_choice":"Transform","floor":24.0,"damage_taken":0.0},{"event_name":"Purifier","player_choice":"One Purge","floor":31.0,"damage_taken":0.0},{"event_name":"Tomb of Lord Red Mask","player_choice":"Ignored","floor":36,"damage_taken":0},{"event_name":"SensoryStone","player_choice":"Memory 3","floor":37,"damage_taken":0},{"event_name":"Winding Halls","player_choice":"Embrace Madness","floor":46,"damage_taken":0}],"boss_relics":[{"not_picked":["Astrolabe","Runic Cube"],"picked":"Velvet Choker"}],"potions_floor_spawned":[1,7,8,16,22,27,30,33,38,44,47],"seed_played":"-3588441705801554234","ascension_level":0,"is_trial":false}