{"path_per_floor":["M","?","M","?","M","E","R","E","T","T","R","M","?","M","R","B",null,"M","?","$","M","?","R","E","M","T","R","M","M","M","M","R","B",null,"M","M","?","M","?","R","M","R","T","$"],"character_chosen":"IRONCLAD","items_purchased":["Bottled Flame","Battle Trance","Regal Pillow"],"gold_per_floor":[109,109,129,79,92,124,124,154,181,181,181,197,197,211,211,307,307,320,320,7,24,24,24,49,68,68,68,88,107,117,136,136,233,233,246,256,256,270,270,270,287,287,311,88,88],"floor_reached":45,"campfire_rested":5,"playtime":1193,"current_hp_per_floor":[74,56,56,56,56,42,42,21,21,21,45,42,42,37,61,30,80,75,75,75,68,52,52,52,52,52,52,52,58,58,37,61,49,80,43,25,25,25,15,39,3,27,27,27,0],"items_purged":["Strike_R"],"gold":88,"score":522,"play_id":"d186c439-f8e1-4bbd-b2f6-aae9cae7803a","local_time":"20180402185311","is_prod":false,"is_daily":false,"is_ascension_mode":true,"campfire_upgraded":3,"timestamp":1522709591,"path_taken":["M","?","?","?","?","E","R","E","T","?","R","M","?","M","R","BOSS","M","?","?","?","?","R","E","M","T","R","M","?","M","M","R","BOSS","M","M","?","M","?","R","M","R","T","$","M"],"build_version":"2018-03-29v2","purchased_purges":1,"victory":false,"master_deck":["Strike_R","Strike_R","Strike_R","Defend_R","Defend_R","Defend_R","Bash","Thunderclap+1","Clash+1","Clash+1","Disarm","Reaper","Whirlwind+1","Flex+1","Battle Trance","Clash","Bloodletting","Clash","Double Tap","Armaments","Madness","Madness","Thunderclap+1"],"max_hp_per_floor":[80,80,80,80,80,80,80,80,80,80,80,80,80,80,80,80,80,80,80,80,80,80,80,80,80,80,80,80,80,80,80,80,80,80,80,80,80,80,80,80,80,80,80,80,80],"relics":["Orrery","Frozen Egg 2","Whetstone","Prayer Wheel","Omamori","Magic Flower","Sozu","Bottled Flame","Necronomicon","Peace Pipe","Du-Vu Doll","Mark of Pain","Blood Vial","Regal Pillow"],"card_choices":[{"not_picked":["Iron Wave","Infernal Blade"],"picked":"Thunderclap","floor":0},{"not_picked":["Warcry","Body Slam"],"picked":"Clash","floor":0},{"not_picked":["Pommel Strike","Sever Soul"],"picked":"Clash","floor":0},{"not_picked":["Exhume","Barricade"],"picked":"Reaper","floor":16},{"not_picked":["Sword Boomerang","Havoc"],"picked":"Whirlwind","floor":18},{"not_picked":["Sever Soul","Body Slam"],"picked":"Clash","floor":21},{"not_picked":["Whirlwind","Thunderclap"],"picked":"Bloodletting","floor":24},{"not_picked":["Rage","Reckless Charge"],"picked":"Clash","floor":28},{"not_picked":["Dark Embrace","Juggernaut"],"picked":"Double Tap","floor":33},{"not_picked":["Heavy Blade","Headbutt"],"picked":"Armaments","floor":36},{"not_picked":["Cleave","Clash"],"picked":"Thunderclap","floor":43}],"player_experience":99189,"potions_floor_usage":[14,33,33],"damage_taken":[{"damage":6,"enemies":"Jaw Worm","floor":1,"turns":3},{"damage":0,"enemies":"Small Slimes","floor":3,"turns":3},{"damage":0,"enemies":"Cultist","floor":5,"turns":2},{"damage":14,"enemies":"3 Sentries","floor":6,"turns":5},{"damage":21,"enemies":"Lagavulin","floor":8,"turns":4},{"damage":3,"enemies":"Lots of Slimes","floor":12,"turns":3},{"damage":5,"enemies":"3 Louse","floor":14,"turns":2},{"damage":31,"enemies":"The Guardian","floor":16,"turns":7},{"damage":5,"enemies":"Spheric Guardian","floor":18,"turns":3},{"damage":22,"enemies":"2 Thieves","floor":21,"turns":4},{"damage":0,"enemies":"Slavers","floor":24,"turns":1},{"damage":0,"enemies":"Cultist and Chosen","floor":25,"turns":2},{"damage":0,"enemies":"Slaver and Parasite","floor":28,"turns":1},{"damage":3,"enemies":"Snecko","floor":29,"turns":3},{"damage":0,"enemies":"Sentry and Sphere","floor":30,"turns":1},{"damage":21,"enemies":"Snake Plant","floor":31,"turns":2},{"damage":57,"enemies":"Collector","floor":33,"turns":9},{"damage":37,"enemies":"Orb Walker","floor":35,"turns":4},{"damage":18,"enemies":"3 Shapes","floor":36,"turns":1},{"damage":0,"enemies":"3 Darklings","floor":38,"turns":1},{"damage":36,"enemies":"4 Shapes","floor":41,"turns":1},{"damage":32,"enemies":"Maw","floor":45,"turns":4}],"event_choices":[{"event_name":"Scrap Ooze","player_choice":"success","floor":2,"damage_taken":18},{"event_name":"The Cleric","player_choice":"Card Removal","floor":4,"damage_taken":0},{"event_name":"Living Wall","player_choice":"Change","floor":13,"damage_taken":0},{"event_name":"The Library","player_choice":"Read","floor":19,"damage_taken":0},{"event_name":"Cursed Tome","player_choice":"Obtained Book","floor":22,"damage_taken":0},{"event_name":"Mysterious Sphere","player_choice":"Ignore","floor":37,"damage_taken":0},{"event_name":"Winding Halls","player_choice":"Embrace Madness","floor":39,"damage_taken":0}],"boss_relics":[{"not_picked":["Black Star","Velvet Choker"],"picked":"Sozu"},{"not_picked":["Snecko Eye","Runic Dome"],"picked":"Mark of Pain"}],"potions_floor_spawned":[1,6,12,14,24,31,35,36,41],"seed_played":"1438483064894127119","killed_by":"Maw","ascension_level":1,"is_trial":false}