{"path_per_floor":["M","M","?","?","?","R","$","M","T","M","E","M","M","?","R","B",null,"M","$","M","$","?","E"],"character_chosen":"IRONCLAD","items_purchased":["Unceasing Top","Clash","Madness","Warcry"],"gold_per_floor":[365,377,452,452,452,452,33,44,71,88,120,136,155,179,179,282,282,298,106,116,71,71,104,104],"floor_reached":24,"campfire_rested":1,"playtime":1284,"current_hp_per_floor":[46,50,39,44,37,62,62,66,66,72,58,59,60,54,54,22,85,79,79,65,65,65,20,0],"items_purged":["Strike_R","Strike_R"],"gold":104,"score":216,"play_id":"2b895bfe-a543-4d74-93ea-b920388e0609","local_time":"20180327192759","is_prod":false,"is_daily":false,"is_ascension_mode":false,"campfire_upgraded":1,"timestamp":1522193279,"path_taken":["M","M","?","?","?","R","$","M","T","M","E","?","M","?","R","BOSS","M","$","M","$","?","E","M"],"build_version":"2018-03-22v2","purchased_purges":4,"victory":false,"master_deck":["Strike_R","Strike_R","Defend_R","Defend_R","Defend_R","Defend_R","Bash","Clash","Anger","Seeing Red+1","Warcry","Madness","Flex+1","Warcry"],"max_hp_per_floor":[80,80,80,85,85,85,85,85,85,85,85,85,85,85,85,85,85,85,85,85,85,85,85,85],"relics":["Burning Blood","Unceasing Top","Omamori","Art of War","Odd Mushroom","Black Star","Anchor","Regal Pillow"],"card_choices":[{"not_picked":["Thunderclap","Heavy Blade"],"picked":"Anger","floor":11},{"not_picked":["Cleave","Wild Strike"],"picked":"Seeing Red","floor":13},{"not_picked":["Heavy Blade","Headbutt"],"picked":"Warcry","floor":14},{"not_picked":["Twin Strike","Armaments"],"picked":"Flex","floor":20}],"player_experience":121144,"potions_floor_usage":[10,11,14,24],"damage_taken":[{"damage":0,"enemies":"2 Louse","floor":1,"turns":3},{"damage":2,"enemies":"Small Slimes","floor":2,"turns":4},{"damage":2,"enemies":"Jaw Worm","floor":8,"turns":4},{"damage":0,"enemies":"Blue Slaver","floor":10,"turns":4},{"damage":20,"enemies":"3 Sentries","floor":11,"turns":13},{"damage":5,"enemies":"Looter","floor":12,"turns":3},{"damage":5,"enemies":"2 Fungi Beasts","floor":13,"turns":4},{"damage":12,"enemies":"The Mushroom Lair","floor":14,"turns":5},{"damage":38,"enemies":"Hexaghost","floor":16,"turns":9},{"damage":12,"enemies":"Chosen","floor":18,"turns":4},{"damage":20,"enemies":"Spheric Guardian","floor":20,"turns":4},{"damage":51,"enemies":"Gremlin Leader","floor":23,"turns":7},{"damage":25,"enemies":"Centurion and Healer","floor":24,"turns":4}],"event_choices":[{"event_name":"World of Goop","player_choice":"Gather Gold","floor":3,"damage_taken":0},{"event_name":"Big Fish","player_choice":"Donut","floor":4,"damage_taken":0},{"event_name":"Golden Wing","player_choice":"Card Removal","floor":5,"damage_taken":0},{"event_name":"Mushrooms","player_choice":"Fought Mushrooms","floor":14,"damage_taken":0},{"event_name":"Drug Dealer","player_choice":"Ignored","floor":22,"damage_taken":0}],"boss_relics":[{"not_picked":["Snecko Eye","Tiny House"],"picked":"Black Star"}],"potions_floor_spawned":[1,8,13,16,20],"seed_played":"4796295425953941026","killed_by":"Centurion and Healer","ascension_level":0,"is_trial":false}