{"path_per_floor":["M","M","$","T","$","E","R","M","T","M","?","M","?","M","R","B",null,"M","?","?","?","M","R"],"character_chosen":"IRONCLAD","items_purchased":[],"gold_per_floor":[109,123,123,123,123,152,152,169,224,235,235,254,254,269,269,373,373,384,384,384,299,311,311,311],"floor_reached":24,"campfire_rested":1,"playtime":624,"current_hp_per_floor":[75,74,74,74,74,58,58,58,58,58,58,58,58,58,58,15,80,62,62,47,47,37,62,25],"items_purged":[],"gold":311,"score":196,"play_id":"301c5288-3b7b-4a58-a30b-3635914d7d60","local_time":"20180329232026","is_prod":false,"is_daily":false,"is_ascension_mode":false,"campfire_upgraded":2,"timestamp":1522380026,"path_taken":["M","M","?","?","$","E","R","M","T","?","?","M","?","?","R","BOSS","M","?","?","?","M","R","E"],"build_version":"2018-03-29","purchased_purges":0,"victory":false,"master_deck":["Strike_R","Strike_R","Strike_R","Strike_R","Strike_R","Defend_R","Defend_R","Defend_R","Defend_R","Bash","Clash","Clash","Whirlwind+1","Thunderclap+1","Clash","Dual Wield+1","Metallicize+1"],"max_hp_per_floor":[80,80,80,80,80,80,80,80,80,80,80,80,80,80,80,80,80,80,80,85,85,85,85,85],"relics":["Runic Pyramid","Dead Branch","Letter Opener","Anchor","White Beast Statue","Art of War"],"card_choices":[{"not_picked":["Blood for Blood","Heavy Blade"],"picked":"Clash","floor":1},{"not_picked":["Armaments","Rage"],"picked":"Clash","floor":2},{"not_picked":["Fiend Fire","Sentinel"],"picked":"Whirlwind","floor":6},{"not_picked":["Anger","Metallicize"],"picked":"Thunderclap","floor":8},{"not_picked":["Ghostly Armor","Headbutt"],"picked":"Clash","floor":12},{"not_picked":["Clothesline","Warcry"],"picked":"Dual Wield","floor":14},{"not_picked":["Armaments","Heavy Blade"],"picked":"Metallicize","floor":18}],"player_experience":175673,"potions_floor_usage":[24],"damage_taken":[{"damage":5,"enemies":"Cultist","floor":1,"turns":4},{"damage":1,"enemies":"Jaw Worm","floor":2,"turns":5},{"damage":16,"enemies":"Lagavulin","floor":6,"turns":6},{"damage":0,"enemies":"Small Slimes","floor":8,"turns":3},{"damage":0,"enemies":"Looter","floor":10,"turns":2},{"damage":0,"enemies":"Exordium Wildlife","floor":12,"turns":2},{"damage":0,"enemies":"2 Fungi Beasts","floor":14,"turns":1},{"damage":43,"enemies":"The Guardian","floor":16,"turns":7},{"damage":18,"enemies":"Chosen","floor":18,"turns":5},{"damage":10,"enemies":"2 Thieves","floor":22,"turns":3},{"damage":37,"enemies":"Book of Stabbing","floor":24,"turns":5}],"event_choices":[{"event_name":"The Woman in Blue","player_choice":"Bought 0 Potions","floor":11,"damage_taken":0},{"event_name":"Upgrade Shrine","player_choice":"Upgraded","floor":13,"damage_taken":0},{"event_name":"Drug Dealer","player_choice":"Ignored","floor":19,"damage_taken":0},{"event_name":"Forgotten Altar","player_choice":"Shed Blood","floor":20,"damage_taken":0},{"event_name":"Addict","player_choice":"Obtained Relic","floor":21,"damage_taken":0}],"boss_relics":[{"not_picked":["Cursed Key","Orrery"],"picked":"White Beast Statue"}],"potions_floor_spawned":[1,8,12,14,18,22],"seed_played":"1820746058859121862","killed_by":"Book of Stabbing","ascension_level":0,"is_trial":false}