{"path_per_floor":["M","?","M","M","?","R","$","E","T","T","M","T","?","M","R","B",null,"M","M","T","$"],"character_chosen":"IRONCLAD","items_purchased":["Combust"],"gold_per_floor":[111,141,155,174,134,134,134,163,163,212,226,250,425,437,437,533,533,543,554,554,397,397],"floor_reached":22,"campfire_rested":0,"playtime":845,"current_hp_per_floor":[76,76,71,59,59,59,59,48,48,48,44,44,44,44,44,16,80,58,32,32,32,0],"items_purged":["Normality"],"gold":397,"score":221,"play_id":"bd2f5488-95ad-4baf-9ef5-97d5a293a57b","local_time":"20180405191636","is_prod":false,"is_daily":false,"is_ascension_mode":true,"campfire_upgraded":2,"timestamp":1522970196,"path_taken":["M","?","M","?","?","R","$","E","T","?","?","?","?","?","R","BOSS","M","M","?","$","M"],"build_version":"2018-03-29v2","purchased_purges":1,"victory":false,"master_deck":["Strike_R","Strike_R","Strike_R","Defend_R","Defend_R","Defend_R","Bash","Combust+1","Blood for Blood+1","Cleave+1","Metallicize+1","Metallicize+1","Doubt","Shrug It Off","Exhume","Disarm","Combust"],"max_hp_per_floor":[80,80,80,80,80,80,80,80,80,80,80,80,80,80,80,80,80,80,80,80,80,80],"relics":["Astrolabe","Tiny Chest","Dream Catcher","Charon\u0027s Ashes","Anchor","Regal Pillow","Black Star","Unceasing Top"],"card_choices":[{"not_picked":["Shrug It Off","Clash"],"picked":"Metallicize","floor":1},{"not_picked":["Iron Wave","Thunderclap"],"picked":"Metallicize","floor":8},{"not_picked":["Brutality","True Grit"],"picked":"Shrug It Off","floor":14},{"not_picked":["Dark Embrace","Berserk"],"picked":"Exhume","floor":16},{"not_picked":["Corruption","Thunderclap"],"picked":"Disarm","floor":18}],"player_experience":172741,"potions_floor_usage":[8,11,14,16,16],"damage_taken":[{"damage":4,"enemies":"2 Louse","floor":1,"turns":3},{"damage":5,"enemies":"Cultist","floor":3,"turns":4},{"damage":12,"enemies":"Small Slimes","floor":4,"turns":2},{"damage":17,"enemies":"3 Sentries","floor":8,"turns":4},{"damage":4,"enemies":"Gremlin Gang","floor":11,"turns":2},{"damage":0,"enemies":"3 Louse","floor":14,"turns":1},{"damage":28,"enemies":"Hexaghost","floor":16,"turns":9},{"damage":22,"enemies":"2 Thieves","floor":18,"turns":4},{"damage":26,"enemies":"3 Byrds","floor":19,"turns":5},{"damage":36,"enemies":"3 Cultists","floor":22,"turns":4}],"event_choices":[{"event_name":"Accursed Blacksmith","player_choice":"Rummage","floor":2,"damage_taken":0},{"event_name":"The Woman in Blue","player_choice":"Bought 3 Potions","floor":5,"damage_taken":0},{"event_name":"Liars Game","player_choice":"agreed","floor":13,"damage_taken":0}],"boss_relics":[{"not_picked":["White Beast Statue","Calling Bell"],"picked":"Black Star"}],"potions_floor_spawned":[8,11],"seed_played":"6805002989661265303","killed_by":"3 Cultists","ascension_level":4,"is_trial":false}