{"path_per_floor":["M","?","?","M","M","R","$","E","T","$","?","M","M","?","R","B",null,"M","?","?","?","M","R","E","M","T","M","M","$","?","M","R","B",null,"M","M","$","?","$"],"character_chosen":"IRONCLAD","items_purchased":["Flex","Bag of Preparation","Flex","Swift Potion"],"gold_per_floor":[112,112,112,122,136,136,61,86,139,86,86,105,123,123,123,228,228,238,238,238,238,251,251,283,299,299,309,320,68,68,87,87,190,190,205,224,73,73,21,21],"floor_reached":40,"campfire_rested":0,"playtime":1274,"current_hp_per_floor":[80,80,62,63,69,69,69,47,47,47,52,51,53,53,53,55,85,79,79,79,79,67,67,46,50,50,55,53,53,53,53,53,39,85,72,65,65,54,54,0],"items_purged":["Strike_R","Writhe","Strike_R"],"gold":21,"score":432,"play_id":"5cf79a32-f043-4822-a6fd-e39e7e8a0f90","local_time":"20180328124634","is_prod":false,"is_daily":false,"is_ascension_mode":false,"campfire_upgraded":4,"timestamp":1522255594,"path_taken":["M","?","?","?","M","R","$","E","T","$","?","?","?","?","R","BOSS","M","?","?","?","M","R","E","?","T","M","M","$","?","M","R","BOSS","M","M","$","?","$","E"],"build_version":"2018-03-22v2","purchased_purges":3,"victory":false,"master_deck":["Defend_R","Defend_R","Defend_R","Defend_R","Bash+1","Whirlwind+1","Flex+1","Whirlwind+1","Flex+1","Offering","Flex+1","Flex","Madness","Madness"],"max_hp_per_floor":[80,80,80,80,80,80,80,80,80,80,85,85,85,85,85,85,85,85,85,85,85,85,85,85,85,85,85,85,85,85,85,85,85,85,85,85,85,85,85,85],"relics":["Burning Blood","Art of War","Pantograph","Orichalcum","Cursed Key","Oddly Smooth Stone","Meat on the Bone","Bag of Preparation","Question Card"],"card_choices":[{"not_picked":["Cleave","Headbutt"],"picked":"Whirlwind","floor":1},{"not_picked":["Wild Strike","Pommel Strike"],"picked":"Whirlwind","floor":22},{"not_picked":["Dark Embrace","Demon Form"],"picked":"Offering","floor":33},{"not_picked":["Intimidate","Blood for Blood","Perfected Strike"],"picked":"Flex","floor":36}],"player_experience":144679,"potions_floor_usage":[12,16,18,24,33,33,40,40],"damage_taken":[{"damage":1,"enemies":"Jaw Worm","floor":1,"turns":3},{"damage":5,"enemies":"Cultist","floor":4,"turns":4},{"damage":0,"enemies":"2 Louse","floor":5,"turns":1},{"damage":28,"enemies":"Gremlin Nob","floor":8,"turns":4},{"damage":7,"enemies":"Large Slime","floor":12,"turns":6},{"damage":4,"enemies":"3 Louse","floor":13,"turns":2},{"damage":29,"enemies":"Hexaghost","floor":16,"turns":9},{"damage":12,"enemies":"Chosen","floor":18,"turns":3},{"damage":18,"enemies":"Shell Parasite","floor":22,"turns":5},{"damage":27,"enemies":"Slavers","floor":24,"turns":3},{"damage":2,"enemies":"Snecko","floor":25,"turns":3},{"damage":13,"enemies":"Snake Plant","floor":27,"turns":3},{"damage":8,"enemies":"Centurion and Healer","floor":28,"turns":4},{"damage":6,"enemies":"Slaver and Parasite","floor":31,"turns":3},{"damage":57,"enemies":"Automaton","floor":33,"turns":10},{"damage":19,"enemies":"3 Shapes","floor":35,"turns":2},{"damage":13,"enemies":"Orb Walker","floor":36,"turns":2},{"damage":60,"enemies":"Giant Head","floor":40,"turns":6}],"event_choices":[{"event_name":"Wheel of Change","player_choice":"Card Removal","floor":2,"damage_taken":0},{"event_name":"Scrap Ooze","player_choice":"success","floor":3,"damage_taken":18},{"event_name":"Big Fish","player_choice":"Donut","floor":11,"damage_taken":0},{"event_name":"Living Wall","player_choice":"Forget","floor":14,"damage_taken":0},{"event_name":"Back to Basics","player_choice":"Elegance","floor":19,"damage_taken":0},{"event_name":"The Mausoleum","player_choice":"Yes","floor":20,"damage_taken":0},{"event_name":"Drug Dealer","player_choice":"Ignored","floor":21,"damage_taken":0},{"event_name":"The Library","player_choice":"Read","floor":30,"damage_taken":0},{"event_name":"Winding Halls","player_choice":"Embrace Madness","floor":38,"damage_taken":0}],"boss_relics":[{"not_picked":["Mark of Pain","Eternal Feather"],"picked":"Cursed Key"},{"not_picked":["Orrery","Lizard Tail"],"picked":"Question Card"}],"potions_floor_spawned":[4,8,12,16,28,31,36],"seed_played":"3562965228365168789","killed_by":"Giant Head","ascension_level":0,"is_trial":false}