{"path_per_floor":["M","M","?","M","$","E","R","?","T","R","M","M","M","M","R","B",null,"M","$","?","$","M","R","E","?","T","M","M","R","M","M","R","B",null,"M","?","?","M","?","M","M","R","T","M","E","$","?","$","R","B"],"character_chosen":"IRONCLAD","items_purchased":["Adrenaline Potion","Fire Potion","Inspiration Potion"],"gold_per_floor":[115,127,127,137,137,168,168,168,168,168,181,191,208,222,222,296,326,338,338,518,518,533,533,567,567,567,583,601,601,615,625,625,702,702,716,816,816,831,831,846,860,860,883,896,924,849,849,657,657,657],"floor_reached":51,"campfire_rested":3,"playtime":818,"current_hp_per_floor":[68,68,53,53,53,49,49,54,54,54,56,58,58,60,60,56,89,88,88,64,64,66,66,62,46,46,48,50,50,49,51,83,70,100,98,98,98,100,100,102,104,118,118,114,114,114,114,114,120,114],"items_purged":["Injury"],"gold":657,"score":1674,"play_id":"9569d9a1-2e75-44c1-864b-60f94cf62ade","local_time":"20180412010645","is_prod":false,"is_daily":false,"is_ascension_mode":true,"campfire_upgraded":4,"timestamp":1523509605,"path_taken":["M","M","?","?","$","E","R","?","T","R","M","M","M","M","R","BOSS","M","$","?","$","M","R","E","?","T","M","M","R","M","?","R","BOSS","M","?","?","M","?","M","?","R","T","?","E","$","?","$","R","BOSS"],"build_version":"2018-04-05v2","purchased_purges":2,"victory":true,"master_deck":["Whirlwind+1","Flex+1","Flex+1","Bloodletting+1","Bloodletting+1","Limit Break+1","Double Tap"],"max_hp_per_floor":[75,75,75,75,75,77,77,82,82,82,84,86,86,88,88,90,97,99,99,99,99,101,101,103,103,103,105,107,104,106,108,108,110,110,112,112,112,114,114,116,118,118,118,120,120,120,120,120,120,120],"relics":["Cursed Key","Circlet","Bag of Preparation","Singing Bowl","Tiny House","Letter Opener","Peace Pipe","Mark of Pain","Vajra","Iron Hammer"],"card_choices":[{"not_picked":["Shrug It Off","Iron Wave"],"picked":"Double Tap","floor":45}],"player_experience":312104,"potions_floor_usage":[],"damage_taken":[{"damage":0,"enemies":"Jaw Worm","floor":1,"turns":1},{"damage":0,"enemies":"2 Louse","floor":2,"turns":1},{"damage":0,"enemies":"Cultist","floor":4,"turns":1},{"damage":6,"enemies":"Gremlin Nob","floor":6,"turns":1},{"damage":0,"enemies":"Looter","floor":11,"turns":1},{"damage":0,"enemies":"Blue Slaver","floor":12,"turns":1},{"damage":0,"enemies":"Gremlin Gang","floor":13,"turns":1},{"damage":0,"enemies":"2 Fungi Beasts","floor":14,"turns":1},{"damage":6,"enemies":"Slime Boss","floor":16,"turns":1},{"damage":3,"enemies":"Spheric Guardian","floor":18,"turns":1},{"damage":0,"enemies":"2 Thieves","floor":22,"turns":1},{"damage":6,"enemies":"Gremlin Leader","floor":24,"turns":1},{"damage":0,"enemies":"3 Cultists","floor":27,"turns":1},{"damage":0,"enemies":"Cultist and Chosen","floor":28,"turns":2},{"damage":3,"enemies":"Chosen and Byrds","floor":30,"turns":1},{"damage":0,"enemies":"Centurion and Healer","floor":31,"turns":1},{"damage":15,"enemies":"Champ","floor":33,"turns":3},{"damage":4,"enemies":"3 Shapes","floor":35,"turns":1},{"damage":0,"enemies":"Orb Walker","floor":38,"turns":1},{"damage":0,"enemies":"3 Darklings","floor":40,"turns":1},{"damage":0,"enemies":"Sphere and 2 Shapes","floor":41,"turns":1},{"damage":6,"enemies":"Maw","floor":44,"turns":2},{"damage":0,"enemies":"2 Orb Walkers","floor":45,"turns":1},{"damage":6,"enemies":"Donu and Deca","floor":50,"turns":1}],"event_choices":[{"event_name":"Shining Light","player_choice":"Entered Light","floor":3,"damage_taken":0},{"event_name":"Big Fish","player_choice":"Donut","floor":8,"damage_taken":0},{"event_name":"Knowing Skull","player_choice":"GOLD GOLD ","floor":20,"damage_taken":0},{"event_name":"Cursed Tome","player_choice":"Obtained Book","floor":25,"damage_taken":0},{"event_name":"Golden Shrine","player_choice":"Pray","floor":36,"damage_taken":0},{"event_name":"Tomb of Lord Red Mask","player_choice":"Ignored","floor":37,"damage_taken":0},{"event_name":"The Woman in Blue","player_choice":"Bought 0 Potions","floor":47,"damage_taken":0}],"boss_relics":[{"not_picked":["Electric Blood","Pandora\u0027s Box"],"picked":"Tiny House"},{"not_picked":["Orrery","Astrolabe"],"picked":"Mark of Pain"}],"potions_floor_spawned":[1,11,12,14,22,24,30,35,41,45],"seed_played":"4807824247353521144","ascension_level":14,"is_trial":false}