{"path_per_floor":["M","M","$","M","M","E","R","M","T","M","M","M","E","T","R","B",null,"M","?","$","M","M","R","E","?","T","M","E","?","?","M","R","B",null,"M","?","?","?","?","R","?","T","T","$","M","E","R","M","R","B"],"character_chosen":"IRONCLAD","items_purchased":["Carnage","Lantern","Dodecahedron"],"gold_per_floor":[109,123,48,63,79,142,142,158,240,250,269,287,318,342,342,447,447,463,513,331,345,360,360,385,385,433,449,480,480,480,496,496,593,593,606,606,606,606,606,606,606,606,606,75,92,120,120,132,132,132],"floor_reached":51,"campfire_rested":2,"playtime":1475,"current_hp_per_floor":[79,72,72,66,55,36,36,36,36,36,30,30,26,26,50,40,80,70,70,70,70,67,67,67,67,67,59,52,52,52,52,52,30,80,63,63,63,53,53,59,59,59,59,59,59,56,62,62,80,11],"items_purged":["Defend_R","Defend_R","Madness"],"gold":132,"score":812,"play_id":"e316aa66-1733-473f-b959-c0da3ce511e7","local_time":"20180415120333","is_prod":false,"is_daily":false,"chose_seed":false,"is_ascension_mode":true,"campfire_upgraded":5,"timestamp":1523808213,"path_taken":["M","M","$","M","M","E","R","M","T","M","?","M","E","?","R","BOSS","M","?","$","M","M","R","E","?","T","?","E","?","?","M","R","BOSS","M","?","?","?","?","R","?","?","T","$","M","E","R","?","R","BOSS"],"build_version":"2018-04-13","seed_source_timestamp":64191082026398,"purchased_purges":3,"victory":true,"master_deck":["Strike_R+1","Strike_R+1","Strike_R+1","Strike_R+1","Strike_R+1","Defend_R+1","Bash","Sever Soul","Perfected Strike+1","Pommel Strike","Perfected Strike+1","Flame Barrier","Carnage","Pommel Strike+1","Bludgeon+1","Fiend Fire","Perfected Strike+1","Madness","Perfected Strike+1","Perfected Strike"],"max_hp_per_floor":[80,80,80,80,80,80,80,80,80,80,80,80,80,80,80,80,80,80,80,80,80,80,80,80,80,80,80,80,80,80,80,80,80,80,80,80,80,80,80,80,80,80,80,80,80,80,80,80,80,80],"relics":["Snecko Eye","Tiny Chest","Frozen Egg 2","Vajra","Sozu","Toolbox","Nloth\u0027s Gift","Omamori","Shuriken","Charon\u0027s Ashes","Eternal Feather","Mercury Hourglass","Bird Faced Urn","Lantern","Dodecahedron","Regal Pillow"],"card_choices":[{"not_picked":["Anger","Reckless Charge"],"picked":"Sever Soul","floor":1},{"not_picked":["Sever Soul","Heavy Blade"],"picked":"Perfected Strike","floor":2},{"not_picked":["Thunderclap","Cleave"],"picked":"Pommel Strike","floor":5},{"not_picked":["Second Wind","Burning Pact"],"picked":"Perfected Strike","floor":8},{"not_picked":["Sever Soul","Headbutt"],"picked":"Flame Barrier","floor":12},{"not_picked":["Ghostly Armor","Inflame","Heavy Blade"],"picked":"Pommel Strike","floor":21},{"not_picked":["Sword Boomerang","Limit Break"],"picked":"Bludgeon","floor":28},{"not_picked":["Demon Form","Barricade"],"picked":"Fiend Fire","floor":33},{"not_picked":["Reckless Charge","Rage"],"picked":"Perfected Strike","floor":45},{"not_picked":["Fiend Fire","Pommel Strike"],"picked":"Perfected Strike","floor":48}],"player_experience":11816,"potions_floor_usage":[27,50,50],"damage_taken":[{"damage":1,"enemies":"Cultist","floor":1,"turns":3},{"damage":7,"enemies":"2 Louse","floor":2,"turns":2},{"damage":6,"enemies":"Jaw Worm","floor":4,"turns":2},{"damage":11,"enemies":"Exordium Thugs","floor":5,"turns":3},{"damage":19,"enemies":"3 Sentries","floor":6,"turns":5},{"damage":0,"enemies":"Large Slime","floor":8,"turns":2},{"damage":0,"enemies":"2 Fungi Beasts","floor":10,"turns":2},{"damage":6,"enemies":"Red Slaver","floor":11,"turns":3},{"damage":0,"enemies":"Looter","floor":12,"turns":1},{"damage":4,"enemies":"Gremlin Nob","floor":13,"turns":3},{"damage":10,"enemies":"The Guardian","floor":16,"turns":6},{"damage":10,"enemies":"2 Thieves","floor":18,"turns":3},{"damage":0,"enemies":"Shell Parasite","floor":21,"turns":2},{"damage":3,"enemies":"Snecko","floor":22,"turns":3},{"damage":0,"enemies":"Gremlin Leader","floor":24,"turns":2},{"damage":8,"enemies":"Centurion and Healer","floor":27,"turns":2},{"damage":7,"enemies":"Slavers","floor":28,"turns":3},{"damage":0,"enemies":"Snake Plant","floor":31,"turns":1},{"damage":22,"enemies":"Automaton","floor":33,"turns":4},{"damage":17,"enemies":"3 Darklings","floor":35,"turns":2},{"damage":0,"enemies":"Flame Bruiser 1 Orb","floor":45,"turns":1},{"damage":3,"enemies":"2 Orb Walkers","floor":46,"turns":2},{"damage":0,"enemies":"4 Shapes","floor":48,"turns":2},{"damage":69,"enemies":"Time Eater","floor":50,"turns":7}],"event_choices":[{"event_name":"The Joust","player_choice":"Bet on Murderer","floor":19,"damage_taken":0},{"event_name":"N\u0027loth","player_choice":"Traded a Question Card","floor":25,"damage_taken":0},{"event_name":"Back to Basics","player_choice":"Simplicity","floor":29,"damage_taken":0},{"event_name":"The Mausoleum","player_choice":"Yes","floor":30,"damage_taken":0},{"event_name":"Duplicator","player_choice":"One dupe","floor":37,"damage_taken":0},{"event_name":"Winding Halls","player_choice":"Embrace Madness","floor":38,"damage_taken":0},{"event_name":"Tomb of Lord Red Mask","player_choice":"Ignored","floor":39,"damage_taken":0},{"event_name":"Mysterious Sphere","player_choice":"Ignore","floor":41,"damage_taken":0}],"boss_relics":[{"not_picked":["Black Star","Tiny House"],"picked":"Sozu"},{"not_picked":["Velvet Choker","White Beast Statue"],"picked":"Eternal Feather"}],"potions_floor_spawned":[2,10,11,12,13,18,24,28,35,45],"seed_played":"-7806384517851965401","ascension_level":1,"is_trial":false}