{"path_per_floor":["M","M","M","?","?","R","M","R","T","M","M","R","E","M","R","B",null,"M","$","?","?","?","R","E","M","T","R","?","R","M","$","R","B",null,"M","?","T","?","$","R","E","R","T","R","M","M","?","$","R","B"],"character_chosen":"IRONCLAD","items_purchased":["Clothesline","Gremlin Horn"],"gold_per_floor":[114,133,144,144,144,144,158,158,158,168,178,178,209,228,228,326,326,345,221,321,321,321,321,349,366,440,440,385,385,404,51,51,154,154,165,220,246,246,121,121,154,154,178,178,195,205,0,0,0,0],"floor_reached":51,"campfire_rested":0,"playtime":1784,"current_hp_per_floor":[32,29,32,32,25,25,26,26,26,35,41,41,44,45,45,11,89,67,67,67,67,67,67,53,60,60,60,60,60,66,66,66,54,102,102,98,98,98,98,98,87,87,87,87,93,106,106,106,106,33],"items_purged":["Body Slam","Strike_R","Strike_R"],"gold":0,"score":791,"play_id":"842fffb9-dbbe-4294-b105-84bde9687593","local_time":"20180411140528","is_prod":false,"is_daily":false,"is_ascension_mode":false,"campfire_upgraded":12,"timestamp":1523469928,"path_taken":["M","M","M","?","?","R","M","R","T","M","?","R","E","M","R","BOSS","M","$","?","?","?","R","E","M","T","R","?","R","?","$","R","BOSS","M","?","?","?","$","R","E","R","T","R","?","M","?","?","R","BOSS"],"build_version":"2018-04-05v2","purchased_purges":3,"victory":true,"master_deck":["Strike_R","Strike_R","Defend_R","Defend_R","Bash","Hemokinesis","True Grit","Searing Blow+12","Thunderclap","Feed","True Grit","Armaments","Feed","Pommel Strike+1","Clothesline","Searing Blow+4","Corruption","Carnage","Flame Barrier","Fiend Fire","Clothesline+1","Uppercut","Clothesline+1"],"max_hp_per_floor":[80,80,80,80,80,80,80,80,80,83,86,86,86,89,89,89,89,93,93,93,93,93,93,96,99,99,99,99,99,102,102,102,102,102,102,105,105,105,105,105,105,105,105,105,105,112,112,112,112,112],"relics":["Burning Blood","Oddly Smooth Stone","Bag of Preparation","Snecko Eye","Ancient Tea Set","Bottled Lightning","Tiny Chest","Gremlin Horn","Orrery","Charon\u0027s Ashes","Happy Flower","Lantern","Orichalcum","Red Mask"],"card_choices":[{"not_picked":["Uppercut","Anger"],"picked":"True Grit","floor":1},{"not_picked":["Power Through","Heavy Blade"],"picked":"Searing Blow","floor":2},{"not_picked":["Fire Breathing","Flex"],"picked":"Thunderclap","floor":3},{"not_picked":["Cleave","Spot Weakness"],"picked":"Feed","floor":7},{"not_picked":["Thunderclap","Flex"],"picked":"True Grit","floor":10},{"not_picked":["Twin Strike","Immolate"],"picked":"Armaments","floor":13},{"not_picked":["Bludgeon","Juggernaut"],"picked":"Feed","floor":16},{"not_picked":["Cleave","Metallicize"],"picked":"Pommel Strike","floor":18},{"not_picked":["Whirlwind","Iron Wave"],"picked":"Carnage","floor":24},{"not_picked":["Heavy Blade","Iron Wave"],"picked":"Flame Barrier","floor":30},{"not_picked":["Limit Break","Brutality"],"picked":"Fiend Fire","floor":33},{"not_picked":["Havoc","Sever Soul"],"picked":"Clothesline","floor":34},{"not_picked":["Dropkick","Searing Blow"],"picked":"Uppercut","floor":35},{"not_picked":["Evolve","Fire Breathing"],"picked":"Clothesline","floor":36}],"player_experience":287972,"potions_floor_usage":[7,10,13,16,50],"damage_taken":[{"damage":14,"enemies":"Jaw Worm","floor":1,"turns":3},{"damage":9,"enemies":"Cultist","floor":2,"turns":3},{"damage":3,"enemies":"Small Slimes","floor":3,"turns":3},{"damage":5,"enemies":"Looter","floor":7,"turns":2},{"damage":0,"enemies":"Lots of Slimes","floor":10,"turns":4},{"damage":3,"enemies":"Large Slime","floor":11,"turns":5},{"damage":3,"enemies":"Lagavulin","floor":13,"turns":5},{"damage":8,"enemies":"Gremlin Gang","floor":14,"turns":6},{"damage":40,"enemies":"Hexaghost","floor":16,"turns":8},{"damage":32,"enemies":"3 Byrds","floor":18,"turns":7},{"damage":23,"enemies":"Slavers","floor":24,"turns":5},{"damage":2,"enemies":"Shell Parasite","floor":25,"turns":2},{"damage":3,"enemies":"Snecko","floor":30,"turns":2},{"damage":18,"enemies":"Champ","floor":33,"turns":5},{"damage":0,"enemies":"3 Darklings","floor":35,"turns":2},{"damage":13,"enemies":"Mysterious Sphere","floor":36,"turns":3},{"damage":17,"enemies":"Nemesis","floor":41,"turns":3},{"damage":0,"enemies":"Orb Walker","floor":45,"turns":1},{"damage":0,"enemies":"4 Shapes","floor":46,"turns":1},{"damage":79,"enemies":"Awakened One","floor":50,"turns":8}],"event_choices":[{"event_name":"The Woman in Blue","player_choice":"Bought 0 Potions","floor":4,"damage_taken":0},{"event_name":"Golden Wing","player_choice":"Card Removal","floor":5,"damage_taken":0},{"event_name":"Golden Shrine","player_choice":"Pray","floor":20,"damage_taken":0},{"event_name":"Duplicator","player_choice":"One dupe","floor":21,"damage_taken":0},{"event_name":"Match and Keep!","player_choice":"1 cards matched","floor":22,"damage_taken":0},{"event_name":"Addict","player_choice":"Obtained Relic","floor":28,"damage_taken":0},{"event_name":"Mysterious Sphere","player_choice":"Fight","floor":36,"damage_taken":0},{"event_name":"SensoryStone","player_choice":"Memory 1","floor":38,"damage_taken":0},{"event_name":"Tomb of Lord Red Mask","player_choice":"Paid","floor":47,"damage_taken":0}],"boss_relics":[{"not_picked":["Runic Pyramid","Eternal Feather"],"picked":"Snecko Eye"},{"not_picked":["Calling Bell","Lizard Tail"],"picked":"Orrery"}],"potions_floor_spawned":[1,3,7,10,11,18,33,36,41],"seed_played":"1937042968464537813","ascension_level":0,"is_trial":false}