{"path_per_floor":["M","M","$","M","?","R","?","M","T","M","E","R","E","M","R","B",null,"M","?","?","M","$","R","T","$","T","M","E","?","M","M","R"],"character_chosen":"IRONCLAD","items_purchased":[],"gold_per_floor":[110,129,54,68,143,143,143,162,185,197,225,225,256,274,274,371,371,385,385,385,405,305,305,332,207,207,227,256,206,219,232,232,232],"floor_reached":33,"campfire_rested":1,"playtime":5080,"current_hp_per_floor":[88,88,88,88,77,77,70,76,76,73,78,78,74,77,77,44,105,83,83,83,84,84,84,84,84,84,82,45,45,49,55,88,0],"items_purged":["Defend_R","Pain","Decay"],"gold":232,"score":327,"play_id":"224f0f96-2cc5-4179-b062-6b0fde881d17","local_time":"20180416223643","is_prod":false,"is_daily":false,"chose_seed":false,"is_ascension_mode":false,"campfire_upgraded":4,"timestamp":1523932603,"path_taken":["M","?","$","?","?","R","?","M","T","?","E","R","E","M","R","BOSS","M","?","?","M","$","R","?","?","T","M","E","?","M","M","R","BOSS"],"build_version":"2018-04-13","seed_source_timestamp":0,"purchased_purges":4,"victory":false,"master_deck":["Strike_R","Strike_R","Strike_R","Strike_R","Strike_R","Defend_R","Defend_R","Bash","Perfected Strike+1","Metallicize","True Grit+1","Twin Strike","Shrug It Off","Twin Strike","Feed+1","Twin Strike","Injury","Thunderclap+1","Perfected Strike+1","Pommel Strike+1","Perfected Strike"],"max_hp_per_floor":[88,88,88,88,88,88,88,88,88,88,102,102,102,105,105,105,105,109,109,109,109,109,109,109,109,109,113,113,113,113,113,113,113],"relics":["Burning Blood","Art of War","Mango","Gambling Chip","Calling Bell","Ginger","Orichalcum","Anchor","Juzu Bracelet","Girya","Darkstone Periapt"],"card_choices":[{"not_picked":["Sword Boomerang","Battle Trance"],"picked":"Perfected Strike","floor":1.0},{"not_picked":["Armaments","Clash"],"picked":"Metallicize","floor":2.0},{"not_picked":["Dual Wield","Blood for Blood"],"picked":"True Grit","floor":4.0},{"not_picked":["Disarm","Shrug It Off"],"picked":"Twin Strike","floor":8.0},{"not_picked":["Searing Blow","Clothesline"],"picked":"Shrug It Off","floor":10.0},{"not_picked":["Inflame","Havoc"],"picked":"Twin Strike","floor":11.0},{"not_picked":["Heavy Blade","Rupture"],"picked":"Feed","floor":13.0},{"not_picked":["Feel No Pain","Corruption"],"picked":"Twin Strike","floor":14.0},{"not_picked":["Inflame","Clothesline"],"picked":"Thunderclap","floor":18},{"not_picked":["Twin Strike","Thunderclap"],"picked":"Pommel Strike","floor":21},{"not_picked":["Clash","Flex"],"picked":"Perfected Strike","floor":31}],"player_experience":31037,"potions_floor_usage":[28,28,33],"damage_taken":[{"damage":6.0,"enemies":"Cultist","floor":1.0,"turns":3.0},{"damage":6.0,"enemies":"Jaw Worm","floor":2.0,"turns":3.0},{"damage":0.0,"enemies":"2 Louse","floor":4.0,"turns":2.0},{"damage":0.0,"enemies":"2 Fungi Beasts","floor":8.0,"turns":4.0},{"damage":9.0,"enemies":"Gremlin Gang","floor":10.0,"turns":6.0},{"damage":15.0,"enemies":"Lagavulin","floor":11.0,"turns":5.0},{"damage":10.0,"enemies":"3 Sentries","floor":13.0,"turns":8.0},{"damage":6.0,"enemies":"Red Slaver","floor":14.0,"turns":6.0},{"damage":39.0,"enemies":"Slime Boss","floor":16.0,"turns":9.0},{"damage":32,"enemies":"2 Thieves","floor":18,"turns":5},{"damage":5,"enemies":"Shell Parasite","floor":21,"turns":4},{"damage":12,"enemies":"Snecko","floor":27,"turns":4},{"damage":43,"enemies":"Gremlin Leader","floor":28,"turns":3},{"damage":2,"enemies":"Centurion and Healer","floor":30,"turns":5},{"damage":0,"enemies":"Snake Plant","floor":31,"turns":2},{"damage":123,"enemies":"Champ","floor":33,"turns":11}],"event_choices":[{"event_name":"World of Goop","player_choice":"Gather Gold","floor":5.0,"damage_taken":0.0},{"event_name":"Golden Wing","player_choice":"Card Removal","floor":7.0,"damage_taken":0.0},{"event_name":"The Library","player_choice":"Read","floor":19,"damage_taken":0},{"event_name":"Drug Dealer","player_choice":"Ignored","floor":20,"damage_taken":0},{"event_name":"The Joust","player_choice":"Bet on Owner","floor":29,"damage_taken":0}],"boss_relics":[{"not_picked":["Runic Cube","White Beast Statue"],"picked":"Calling Bell"}],"potions_floor_spawned":[2,10,14,18,28],"seed_played":"5092242241229794866","killed_by":"Champ","ascension_level":0,"is_trial":false}