{"path_per_floor":["M","?","?","M","?","R","T","M","T","M","M","$","E","?","R","B",null,"M","?","?","M","?","R","M"],"character_chosen":"THE_SILENT","items_purchased":["Thinking Ahead","Outmaneuver"],"gold_per_floor":[113,113,113,131,131,131,131,146,219,236,246,20,50,79,79,174,174,193,193,93,113,38,38,55],"floor_reached":25,"campfire_rested":1,"playtime":1978,"current_hp_per_floor":[70,70,70,66,66,66,66,63,63,70,64,64,70,68,68,22,70,58,58,58,33,33,54,43],"items_purged":[],"gold":55,"play_id":"e56e008c-d64a-42b5-a978-97e95a60787c","is_prod":false,"is_daily":false,"campfire_rituals":0,"campfire_upgraded":2,"is_hardmode":false,"path_taken":["M","?","?","M","?","R","?","?","T","M","M","$","E","?","R","BOSS","M","?","?","M","?","R","?","M"],"build_version":"2018-01-18-PROD4","purchased_purges":0,"victory":false,"master_deck":["Defend_G","Defend_G","Strike_G","Strike_G","Survivor","Neutralize","Dagger Throw","Dodge and Roll","Bullet Time","Choke","Bouncing Flask","Predator","Thinking Ahead","Outmaneuver","Corpse Explosion","Burst","Blur","All Out Attack","Backflip","J.A.X."],"max_hp_per_floor":[70,70,70,70,70,70,70,70,70,70,70,70,70,70,70,70,70,70,70,70,70,70,70,70],"relics":["Ring of the Snake","Torii","Dodecahedron","Blood Vial","Odd Mushroom","Astrolabe"],"campfire_meditates":0,"card_choices":[{"not_picked":["Bane","Acrobatics"],"picked":"Dagger Throw"},{"not_picked":["Acrobatics","Sucker Punch"],"picked":"Bullet Time"},{"not_picked":["Terror","Eviscerate"],"picked":"Choke"},{"not_picked":["Slice","Quick Slash"],"picked":"Bouncing Flask"},{"not_picked":["Outmaneuver","Prepared"],"picked":"Predator"},{"not_picked":["Skewer","Backstab"],"picked":"Corpse Explosion"},{"not_picked":["Doppelganger","Wraith Form"],"picked":"Burst"},{"not_picked":["Deflect","Infinite Blades"],"picked":"Backflip"}],"player_experience":11692,"potions_floor_usage":[10,13,16,16,21,25,25],"damage_taken":[{"damage":0,"enemies":"Cultist","floor":1,"turns":4},{"damage":4,"enemies":"Blue Slaver","floor":4,"turns":4},{"damage":3,"enemies":"Jaw Worm","floor":8,"turns":6},{"damage":0,"enemies":"Exordium Wildlife","floor":10,"turns":6},{"damage":6,"enemies":"3 Louse","floor":11,"turns":4},{"damage":1,"enemies":"Lagavulin","floor":13,"turns":5},{"damage":2,"enemies":"The Mushroom Lair","floor":14,"turns":3},{"damage":48,"enemies":"The Guardian","floor":16,"turns":11},{"damage":12,"enemies":"Spheric Guardian","floor":18,"turns":5},{"damage":27,"enemies":"Shell Parasite","floor":21,"turns":4},{"damage":13,"enemies":"Snake Plant","floor":24,"turns":4},{"damage":47,"enemies":"Centurion and Healer","floor":25,"turns":7}],"event_choices":[{"event_name":"The Lab","player_choice":"Got Potions","floor":2,"damage_taken":0},{"event_name":"Living Wall","player_choice":"Change","floor":3,"damage_taken":0},{"event_name":"Liars Game","player_choice":"disagreed","floor":5,"damage_taken":0},{"event_name":"Mushrooms","player_choice":"Fought Mushrooms","floor":14,"damage_taken":0},{"event_name":"Back to Basics","player_choice":"Elegance","floor":19,"damage_taken":0},{"event_name":"Drug Dealer","player_choice":"Got JAXXED","floor":20,"damage_taken":0},{"event_name":"Beggar","player_choice":"Gave Gold","floor":22,"damage_taken":0}],"boss_relics":[{"not_picked":["Question Card","Ectoplasm"],"picked":"Astrolabe"}],"potions_floor_spawned":[8,11,13,18,21],"seed_played":"7066713026632830623","killed_by":"Centurion and Healer","is_trial":false}