{"path_per_floor":["M","?","M","M","$","R","E","R","T","R","M","M","R","?","R","B",null,"M","M","?","M","?","R","M","R","T","M","R","M","R","M","R"],"character_chosen":"THE_SILENT","items_purchased":[],"gold_per_floor":[118,118,135,146,71,71,102,102,171,171,190,201,201,171,171,274,274,274,214,214,214,139,139,139,139,139,139,139,139,139,139,139],"floor_reached":33,"campfire_rested":3,"playtime":4136,"current_hp_per_floor":[66,66,57,59,59,59,31,31,31,31,17,13,34,34,34,2,70,59,47,47,29,29,29,26,47,47,44,44,36,57,51,51],"items_purged":["Regret"],"gold":139,"play_id":"c69c3aa8-092c-424f-92f6-8624209ba5a4","is_prod":false,"is_daily":false,"is_ascension_mode":false,"campfire_upgraded":7,"path_taken":["M","?","?","M","$","R","E","R","T","R","M","M","R","?","R","BOSS","M","M","?","?","?","R","M","R","T","?","R","M","R","M","R","BOSS"],"build_version":"2018-01-25-PROD3","purchased_purges":1,"victory":false,"master_deck":["Defend_G","Defend_G","Defend_G","Defend_G","Defend_G","Strike_G","Strike_G","Strike_G","Survivor","Neutralize+1","Riddle With Holes","Acrobatics+1","Backflip+1","Flying Knee+1","Blade Dance+1","Prepared+1","A Thousand Cuts+1","Heel Hook","Deflect+1","Terror+1","Leg Sweep+1","Choke+1"],"max_hp_per_floor":[70,70,70,70,70,70,70,70,70,70,70,70,70,70,70,70,70,70,70,70,70,70,70,70,70,70,70,70,70,70,70,70],"relics":["Ring of the Snake","Blood Vial","Molten Egg","Bottled Flame","Ectoplasm","Orichalcum"],"card_choices":[{"not_picked":["Flying Knee","Deadly Poison"],"picked":"Acrobatics"},{"not_picked":["Deflect","Venomology"],"picked":"Backflip"},{"not_picked":["Deadly Poison","Poisoned Stab"],"picked":"Flying Knee"},{"not_picked":["Flying Knee","Slice"],"picked":"Blade Dance"},{"not_picked":["Outmaneuver","Bane"],"picked":"Prepared"},{"not_picked":["Glass Knife","Adrenaline"],"picked":"A Thousand Cuts"},{"not_picked":["Bane","Acrobatics"],"picked":"Heel Hook"},{"not_picked":["Dodge and Roll","Crippling Poison"],"picked":"Deflect"},{"not_picked":["Finisher","PiercingWail"],"picked":"Terror"},{"not_picked":["Bouncing Flask","Dodge and Roll"],"picked":"Leg Sweep"},{"not_picked":["Leg Sweep","Calculated Gamble"],"picked":"Choke"}],"player_experience":54949,"potions_floor_usage":[7,16,16,18,24,33],"damage_taken":[{"damage":4,"enemies":"Blue Slaver","floor":1,"turns":4},{"damage":11,"enemies":"Cultist","floor":3,"turns":6},{"damage":0,"enemies":"Small Slimes","floor":4,"turns":5},{"damage":30,"enemies":"Gremlin Nob","floor":7,"turns":5},{"damage":16,"enemies":"Gremlin Gang","floor":11,"turns":7},{"damage":6,"enemies":"Exordium Wildlife","floor":12,"turns":6},{"damage":34,"enemies":"Slime Boss","floor":16,"turns":13},{"damage":11,"enemies":"Spheric Guardian","floor":18,"turns":6},{"damage":14,"enemies":"2 Thieves","floor":19,"turns":4},{"damage":20,"enemies":"3 Cultists","floor":21,"turns":7},{"damage":5,"enemies":"Slaver and Parasite","floor":24,"turns":4},{"damage":5,"enemies":"Snake Plant","floor":27,"turns":5},{"damage":10,"enemies":"Centurion and Healer","floor":29,"turns":5},{"damage":8,"enemies":"Chosen and Byrds","floor":31,"turns":5},{"damage":60,"enemies":"Automaton","floor":33,"turns":12}],"event_choices":[{"event_name":"Big Fish","player_choice":"Box","floor":2,"damage_taken":0},{"event_name":"The Woman in Blue","player_choice":"Bought 2 Potions","floor":14,"damage_taken":0},{"event_name":"Drug Dealer","player_choice":"Ignored","floor":20,"damage_taken":0},{"event_name":"Beggar","player_choice":"Gave Gold","floor":22,"damage_taken":0}],"boss_relics":[{"not_picked":["Sozu","Tiny House"],"picked":"Ectoplasm"}],"potions_floor_spawned":[3,4,16,21,31],"seed_played":"9126722289811412512","killed_by":"Automaton","ascension_level":0,"is_trial":false}