{"path_per_floor":["M","M","?","?","M","E","R","M","T","?","M","M","M","M","R"],"character_chosen":"THE_SILENT","items_purchased":[],"gold_per_floor":[117,132,132,132,143,170,170,182,182,160,172,188,202,221,221],"floor_reached":16,"campfire_rested":2,"playtime":1202,"current_hp_per_floor":[70,70,63,63,59,18,39,19,26,26,26,25,22,16,39],"items_purged":[],"gold":221,"play_id":"6c58c7bc-1488-427d-aa32-71f48ff73e12","is_prod":false,"is_daily":false,"campfire_rituals":0,"campfire_upgraded":0,"is_hardmode":false,"path_taken":["M","M","?","?","M","E","R","?","T","?","M","M","M","?","R","BOSS"],"build_version":"2018-01-18-PROD4","purchased_purges":0,"victory":false,"master_deck":["Defend_G","Defend_G","Defend_G","Strike_G","Strike_G","Strike_G","Strike_G","Survivor","Neutralize","Sucker Punch","Outmaneuver","Dash","Backstab","Deflect","Prepared","Riddle With Holes","Choke","Backflip"],"max_hp_per_floor":[70,70,70,70,70,70,70,70,77,77,77,77,77,77,77],"relics":["Ring of the Snake","Smiling Mask","Strawberry"],"campfire_meditates":0,"card_choices":[{"not_picked":["Caltrops","Poisoned Stab"],"picked":"Sucker Punch"},{"not_picked":["Deadly Poison","Backflip"],"picked":"Outmaneuver"},{"not_picked":["Backflip","Deadly Poison"],"picked":"Dash"},{"not_picked":["Dagger Spray","Slice"],"picked":"Backstab"},{"not_picked":["Skewer","Caltrops"],"picked":"Deflect"},{"not_picked":["Outmaneuver","Poisoned Stab"],"picked":"Prepared"},{"not_picked":["Deadly Poison","Noxious Fumes"],"picked":"Riddle With Holes"},{"not_picked":["Backflip","Tools of the Trade"],"picked":"Choke"},{"not_picked":["Deadly Poison","Dagger Throw"],"picked":"Backflip"}],"player_experience":41912,"potions_floor_usage":[2,11,16],"damage_taken":[{"damage":0,"enemies":"Small Slimes","floor":1,"turns":4},{"damage":0,"enemies":"Jaw Worm","floor":2,"turns":5},{"damage":4,"enemies":"2 Louse","floor":5,"turns":2},{"damage":41,"enemies":"3 Sentries","floor":6,"turns":13},{"damage":20,"enemies":"Exordium Wildlife","floor":8,"turns":6},{"damage":0,"enemies":"Exordium Thugs","floor":11,"turns":6},{"damage":1,"enemies":"2 Fungi Beasts","floor":12,"turns":3},{"damage":3,"enemies":"Lots of Slimes","floor":13,"turns":4},{"damage":6,"enemies":"3 Louse","floor":14,"turns":3},{"damage":40,"enemies":"Slime Boss","floor":16,"turns":8}],"event_choices":[{"event_name":"Golden Wing","player_choice":"Card Removal","floor":3,"damage_taken":0},{"event_name":"Bonfire Elementals","player_choice":"BASIC","floor":4,"damage_taken":0},{"event_name":"World of Goop","player_choice":"Left","floor":10,"damage_taken":0}],"boss_relics":[],"potions_floor_spawned":[1,6,11,14],"seed_played":"3876374738826083695","killed_by":"Slime Boss","is_trial":false}