{"path_per_floor":["M","?","?","M","M","E","R","E","T","$","R","$","?","?","R","B",null,"M","M","M"],"character_chosen":"THE_SILENT","items_purchased":[],"gold_per_floor":[116,116,116,136,154,184,184,216,216,141,141,41,116,116,116,217,217,229,240,259,259],"floor_reached":21,"campfire_rested":0,"playtime":766,"current_hp_per_floor":[70,75,75,75,75,55,55,49,49,49,49,49,38,38,38,21,75,75,72,28,28],"items_purged":["Strike_G","Defend_G"],"gold":259,"score":187,"play_id":"dee4bdc0-93e5-4065-ab6e-dbc96001e232","local_time":"20180324231357","is_prod":false,"is_daily":false,"is_ascension_mode":false,"campfire_upgraded":3,"timestamp":1521929637,"path_taken":["M","?","?","M","M","E","R","E","T","?","R","$","?","?","R","BOSS","M","M","M","?"],"build_version":"2018-03-22v2","purchased_purges":2,"victory":false,"master_deck":["Defend_G","Defend_G","Defend_G","Defend_G","Strike_G","Strike_G","Strike_G","Survivor","Neutralize","Dash+1","Dagger Spray","Footwork+1","Cloak And Dagger+1","A Thousand Cuts","Cloak And Dagger+1","Flying Knee"],"max_hp_per_floor":[70,75,75,75,75,75,75,75,75,75,75,75,75,75,75,75,75,75,75,75,75],"relics":["Ring of the Snake"],"card_choices":[{"not_picked":["Acrobatics","Dodge and Roll"],"picked":"Dash","floor":1.0},{"not_picked":["Well Laid Plans","Deadly Poison"],"picked":"Dagger Spray","floor":5.0},{"not_picked":["Cloak And Dagger","Well Laid Plans"],"picked":"Footwork","floor":6.0},{"not_picked":["Expertise","Backflip"],"picked":"Cloak And Dagger","floor":8},{"not_picked":["Tactician","Tools of the Trade"],"picked":"A Thousand Cuts","floor":16},{"not_picked":["Dagger Spray","Bane"],"picked":"Cloak And Dagger","floor":18},{"not_picked":["Acrobatics","Quick Slash"],"picked":"Flying Knee","floor":20}],"player_experience":259974,"potions_floor_usage":[8],"damage_taken":[{"damage":0.0,"enemies":"2 Louse","floor":1.0,"turns":3.0},{"damage":0.0,"enemies":"Cultist","floor":4.0,"turns":4.0},{"damage":0.0,"enemies":"Small Slimes","floor":5.0,"turns":4.0},{"damage":20.0,"enemies":"3 Sentries","floor":6.0,"turns":8.0},{"damage":6,"enemies":"Lagavulin","floor":8,"turns":7},{"damage":17,"enemies":"The Guardian","floor":16,"turns":18},{"damage":0,"enemies":"Shell Parasite","floor":18,"turns":10},{"damage":3,"enemies":"3 Byrds","floor":19,"turns":6},{"damage":44,"enemies":"Sentry and Sphere","floor":20,"turns":10},{"damage":0,"enemies":"Snake Plant","floor":21,"turns":1}],"event_choices":[{"event_name":"Big Fish","player_choice":"Donut","floor":2.0,"damage_taken":0.0},{"event_name":"Liars Game","player_choice":"disagreed","floor":3.0,"damage_taken":0.0},{"event_name":"World of Goop","player_choice":"Gather Gold","floor":13,"damage_taken":0},{"event_name":"Purifier","player_choice":"One Purge","floor":14,"damage_taken":0}],"boss_relics":[{"not_picked":[]}],"potions_floor_spawned":[1,16],"seed_played":"-7249702993850936731","killed_by":"Snake Plant","ascension_level":0,"is_trial":false}