{"path_per_floor":["M","?","?","?","M","E","R","M","T","$","E","$","R","M","R","B",null,"M","$","?","?","?","R","E","M","T"],"character_chosen":"THE_SILENT","items_purchased":["Bandage Up","Flying Knee"],"gold_per_floor":[113,113,113,63,76,106,106,126,149,54,86,35,35,51,51,155,155,166,166,166,91,91,91,116,136,212],"floor_reached":27,"campfire_rested":1,"playtime":720,"current_hp_per_floor":[69,69,55,55,48,51,51,48,48,48,33,33,54,52,52,44,70,56,56,56,56,56,56,17,3,3],"items_purged":[],"gold":212,"score":284,"play_id":"7b606120-b26b-470f-a805-dd7bcd8a51d3","local_time":"20180316200057","is_prod":false,"is_daily":false,"is_ascension_mode":true,"campfire_upgraded":3,"timestamp":1521226857,"path_taken":["M","?","?","?","M","E","R","?","T","?","E","$","R","M","R","BOSS","M","$","?","?","?","R","E","?","T","M"],"build_version":"2018-03-15v2","purchased_purges":1,"victory":false,"master_deck":["Defend_G+1","Defend_G+1","Defend_G+1","Defend_G+1","Strike_G+1","Strike_G+1","Strike_G+1","Survivor","Neutralize","Terror+1","Skewer+1","Dagger Spray","Bandage Up","Flying Knee","Die Die Die","Footwork+1","Footwork","Outmaneuver"],"max_hp_per_floor":[70,70,70,70,70,70,70,70,70,70,70,70,70,70,70,70,70,70,70,70,70,70,70,70,70,70],"relics":["Ring of the Snake","Toolbox","Snake Skull","Bottled Lightning","Philosopher\u0027s Stone","Bottled Flame","Pantograph"],"card_choices":[{"not_picked":["Deflect","All Out Attack"],"picked":"Terror"},{"not_picked":["Underhanded Strike","Riddle With Holes"],"picked":"Skewer"},{"not_picked":["Sucker Punch","Acrobatics"],"picked":"Dagger Spray"},{"not_picked":["Night Terror","Unload"],"picked":"Die Die Die"},{"not_picked":["Distraction","Escape Plan"],"picked":"Footwork"},{"not_picked":["Caltrops","Crippling Poison"],"picked":"Outmaneuver"}],"player_experience":248981,"potions_floor_usage":[6,6,24,25,27,27],"damage_taken":[{"damage":1,"enemies":"Small Slimes","floor":1,"turns":3},{"damage":7,"enemies":"Jaw Worm","floor":5,"turns":4},{"damage":12,"enemies":"3 Sentries","floor":6,"turns":8},{"damage":3,"enemies":"2 Louse","floor":8,"turns":2},{"damage":19,"enemies":"Lagavulin","floor":11,"turns":6},{"damage":6,"enemies":"Exordium Wildlife","floor":14,"turns":4},{"damage":14,"enemies":"Slime Boss","floor":16,"turns":8},{"damage":18,"enemies":"Spheric Guardian","floor":18,"turns":4},{"damage":43,"enemies":"Gremlin Leader","floor":24,"turns":5},{"damage":18,"enemies":"3 Byrds","floor":25,"turns":5},{"damage":14,"enemies":"Snake Plant","floor":27,"turns":2}],"event_choices":[{"event_name":"Living Wall","player_choice":"Forget","floor":2,"damage_taken":0},{"event_name":"Shining Light","player_choice":"Entered Light","floor":3,"damage_taken":0},{"event_name":"The Cleric","player_choice":"Card Removal","floor":4,"damage_taken":0},{"event_name":"Back to Basics","player_choice":"Simplicity","floor":20,"damage_taken":0},{"event_name":"Beggar","player_choice":"Gave Gold","floor":21,"damage_taken":0},{"event_name":"The Library","player_choice":"Read","floor":22,"damage_taken":0}],"boss_relics":[{"not_picked":["Snecko Eye","Orrery"],"picked":"Philosopher\u0027s Stone"}],"potions_floor_spawned":[1,8,11,16,25],"seed_played":"1155503565431828650","killed_by":"Snake Plant","ascension_level":4,"is_trial":false}