{"path_per_floor":["M","?","M","?","M","R","?","E","T","?","M","$","R","?","R","B",null,"M","M","$","?","M","R","E"],"character_chosen":"IRONCLAD","items_purchased":["Perfected Strike","Jack Of All Trades","Apotheosis"],"gold_per_floor":[118,118,132,132,146,146,146,181,205,205,217,99,99,99,99,198,198,212,223,19,19,35,35,60],"floor_reached":25,"campfire_rested":3,"playtime":1844,"current_hp_per_floor":[78,62,56,56,62,80,73,46,46,46,40,40,64,64,64,44,80,71,70,70,70,54,78,22],"items_purged":[],"gold":60,"score":219,"play_id":"5eef0990-40d0-4e69-9307-35e48bb78c58","is_prod":false,"is_daily":false,"is_ascension_mode":false,"campfire_upgraded":1,"path_taken":["M","?","M","?","M","R","?","E","T","?","M","$","R","?","R","BOSS","M","M","$","?","M","R","E","M"],"build_version":"2018-02-12-PROD1","purchased_purges":0,"victory":false,"master_deck":["Strike_R","Strike_R","Strike_R","Strike_R","Strike_R+1","Defend_R+1","Defend_R","Defend_R","Bash","Pommel Strike+1","Shrug It Off","Armaments","Cleave","Body Slam","Perfected Strike","Jack Of All Trades+1","Juggernaut","Dropkick","Perfected Strike","Apotheosis","Anger","Bloodletting"],"max_hp_per_floor":[80,80,80,80,80,80,80,80,80,80,80,80,80,80,80,80,80,80,80,80,80,80,80,80],"relics":["Burning Blood","Juzu Bracelet","Bronze Scales","Orichalcum","Pen Nib"],"card_choices":[{"not_picked":["Reckless Charge","Clothesline"],"picked":"Pommel Strike"},{"not_picked":["Warcry","Twin Strike"],"picked":"Shrug It Off"},{"not_picked":["Shrug It Off","Pummel"],"picked":"Armaments"},{"not_picked":["Perfected Strike","Battle Trance"],"picked":"Cleave"},{"not_picked":["Reckless Charge","Flex"],"picked":"Body Slam"},{"not_picked":["Impervious","Double Tap"],"picked":"Juggernaut"},{"not_picked":["Twin Strike","Power Through"],"picked":"Dropkick"},{"not_picked":["Feel No Pain","Cleave"],"picked":"Perfected Strike"},{"not_picked":["Rupture","Shrug It Off"],"picked":"Anger"},{"not_picked":["Shrug It Off","Corruption"],"picked":"Bloodletting"}],"player_experience":0,"potions_floor_usage":[5,16,16,24],"damage_taken":[{"damage":8,"enemies":"2 Louse","floor":1,"turns":4},{"damage":12,"enemies":"Small Slimes","floor":3,"turns":4},{"damage":0,"enemies":"Cultist","floor":5,"turns":3},{"damage":33,"enemies":"Lagavulin","floor":8,"turns":8},{"damage":12,"enemies":"3 Louse","floor":11,"turns":2},{"damage":41,"enemies":"The Guardian","floor":16,"turns":14},{"damage":15,"enemies":"Shell Parasite","floor":18,"turns":5},{"damage":7,"enemies":"Chosen","floor":19,"turns":4},{"damage":22,"enemies":"Snake Plant","floor":22,"turns":4},{"damage":62,"enemies":"Slavers","floor":24,"turns":6},{"damage":30,"enemies":"Sentry and Sphere","floor":25,"turns":5}],"event_choices":[{"event_name":"Shining Light","player_choice":"Entered Light","floor":2,"damage_taken":0},{"event_name":"Upgrade Shrine","player_choice":"Upgraded","floor":4,"damage_taken":0},{"event_name":"Scrap Ooze","player_choice":"success","floor":7,"damage_taken":7},{"event_name":"Liars Game","player_choice":"disagreed","floor":10,"damage_taken":0},{"event_name":"Purifier","player_choice":"One Purge","floor":14,"damage_taken":0},{"event_name":"Beggar","player_choice":"Ignored","floor":21,"damage_taken":0}],"boss_relics":[{"not_picked":[]}],"potions_floor_spawned":[1,5,8,18],"seed_played":"7112260470753524239","killed_by":"Sentry and Sphere","ascension_level":0,"is_trial":false}