{"path_per_floor":["M","?","?","M","M","E","R","?","T","M","E","R","M","?","R","B",null,"M","M","M","?","M","E","M","?","T","M","M","M","R","$","R","B",null,"M","?","?","M","M","R","M","R","T","M"],"character_chosen":"IRONCLAD","items_purchased":["Lee\u0027s Waffle","Strawberry","Dramatic Entrance"],"gold_per_floor":[117,88,88,108,123,153,153,209,209,229,260,260,279,279,279,384,384,401,414,432,332,349,383,397,397,397,414,429,449,449,16,16,120,120,130,130,130,148,159,159,169,169,195,206],"floor_reached":45,"campfire_rested":6,"playtime":3322,"current_hp_per_floor":[68,68,68,59,59,52,76,58,58,58,31,55,53,53,77,52,80,81,86,84,84,79,62,58,58,58,58,43,23,43,81,81,49,81,53,53,43,29,44,70,30,56,56,28],"items_purged":[],"gold":206,"score":452,"play_id":"eb714c38-439b-4330-b660-e7bbd650727a","is_prod":false,"is_daily":false,"is_ascension_mode":false,"campfire_upgraded":1,"path_taken":["M","?","?","M","M","E","R","?","T","M","E","R","?","?","R","BOSS","M","M","M","?","?","E","M","?","T","M","?","M","R","$","R","BOSS","M","?","?","M","M","R","M","R","T","M","M"],"build_version":"2018-02-12-PROD1","purchased_purges":0,"victory":false,"master_deck":["Defend_R","Defend_R","Defend_R","Defend_R","Bash","Clash","Double Tap+1","Flame Barrier","Whirlwind","Dropkick","Flex","Pommel Strike","Dropkick","Purity","Bludgeon","Feed","Headbutt","Shockwave","Cleave+1","J.A.X.","Thunderclap","Anger","Iron Wave","Bite","Bite","Bite","Bite","Bite","Parasite","Burning Pact+1","Iron Wave","Feed","Dramatic Entrance","Bludgeon","Iron Wave+1","Madness","Madness","Flame Barrier+1","Seeing Red+1","Warcry","Injury","Flex+1"],"max_hp_per_floor":[80,80,80,80,80,80,80,80,80,80,80,80,80,80,80,80,80,83,86,89,89,89,92,92,64,64,64,67,67,67,81,81,81,81,81,81,81,84,87,87,87,87,87,87],"relics":["Lizard Tail","Orichalcum","Gremlin Horn","Magic Flower","Paper Frog","Cursed Key","Ornamental Fan","Frozen Eye","Lee\u0027s Waffle","Strawberry","Runic Pyramid","Juzu Bracelet"],"card_choices":[{"not_picked":["Brutality","Flex"],"picked":"Clash"},{"not_picked":["Warcry","Anger"],"picked":"Double Tap"},{"not_picked":["Sever Soul","Headbutt"],"picked":"Flame Barrier"},{"not_picked":["Fire Breathing","Second Wind"],"picked":"Whirlwind"},{"not_picked":["Whirlwind","True Grit"],"picked":"Dropkick"},{"not_picked":["Fire Breathing","Corruption"],"picked":"Flex"},{"not_picked":["Seeing Red","True Grit"],"picked":"Pommel Strike"},{"not_picked":["Second Wind","Clash"],"picked":"Dropkick"},{"not_picked":["Juggernaut","Limit Break"],"picked":"Feed"},{"not_picked":["Corruption","Clothesline"],"picked":"Headbutt"},{"not_picked":["Shrug It Off","Combust"],"picked":"Shockwave"},{"not_picked":["Clash","Uppercut"],"picked":"Cleave"},{"not_picked":["Intimidate","Clash"],"picked":"Thunderclap"},{"not_picked":["Shrug It Off","Flame Barrier"],"picked":"Anger"},{"not_picked":["Clash","True Grit"],"picked":"Iron Wave"},{"not_picked":["Warcry","Anger"],"picked":"Burning Pact"},{"not_picked":["Pummel","Searing Blow"],"picked":"Iron Wave"},{"not_picked":["Anger","Armaments"],"picked":"Feed"},{"not_picked":["Barricade","Juggernaut"],"picked":"Bludgeon"},{"not_picked":["Twin Strike","Heavy Blade"],"picked":"Iron Wave"},{"not_picked":["Iron Wave","Whirlwind"],"picked":"Flame Barrier"},{"not_picked":["Corruption","Anger"],"picked":"Seeing Red"},{"not_picked":["Heavy Blade","Shrug It Off"],"picked":"Warcry"},{"not_picked":["Inflame","Power Through"],"picked":"Flex"}],"player_experience":15662,"potions_floor_usage":[6,8,16,20,23,23,29,33,39,41],"damage_taken":[{"damage":12,"enemies":"Cultist","floor":1,"turns":5},{"damage":9,"enemies":"Blue Slaver","floor":4,"turns":3},{"damage":0,"enemies":"Small Slimes","floor":5,"turns":4},{"damage":7,"enemies":"3 Sentries","floor":6,"turns":10},{"damage":18,"enemies":"Gremlin Nob","floor":8,"turns":6},{"damage":0,"enemies":"Exordium Wildlife","floor":10,"turns":2},{"damage":27,"enemies":"Gremlin Nob","floor":11,"turns":4},{"damage":2,"enemies":"Large Slime","floor":13,"turns":5},{"damage":25,"enemies":"Slime Boss","floor":16,"turns":8},{"damage":4,"enemies":"Chosen","floor":18,"turns":4},{"damage":0,"enemies":"3 Byrds","floor":19,"turns":6},{"damage":6,"enemies":"Cultist and Chosen","floor":20,"turns":5},{"damage":5,"enemies":"Snecko","floor":22,"turns":3},{"damage":32,"enemies":"Slavers","floor":23,"turns":4},{"damage":4,"enemies":"3 Cultists","floor":24,"turns":3},{"damage":12,"enemies":"Snake Plant","floor":27,"turns":2},{"damage":27,"enemies":"Cultist and Chosen","floor":28,"turns":4},{"damage":29,"enemies":"Slaver and Parasite","floor":29,"turns":3},{"damage":44,"enemies":"Champ","floor":33,"turns":9},{"damage":34,"enemies":"3 Darklings","floor":35,"turns":4},{"damage":22,"enemies":"Orb Walker","floor":38,"turns":3},{"damage":72,"enemies":"Sphere and 2 Shapes","floor":39,"turns":6},{"damage":52,"enemies":"3 Darklings","floor":41,"turns":5},{"damage":40,"enemies":"Maw","floor":44,"turns":7},{"damage":33,"enemies":"Sphere and 2 Shapes","floor":45,"turns":3}],"event_choices":[{"event_name":"World of Goop","player_choice":"Left","floor":2,"damage_taken":0},{"event_name":"Liars Game","player_choice":"disagreed","floor":3,"damage_taken":0},{"event_name":"Dead Adventurer","player_choice":"Searched \u00271\u0027 times","floor":8,"damage_taken":0},{"event_name":"Match and Keep!","player_choice":"2 cards matched","floor":14,"damage_taken":0},{"event_name":"Drug Dealer","player_choice":"Got JAXXED","floor":21,"damage_taken":0},{"event_name":"Vampires","player_choice":"Became a vampire","floor":25,"damage_taken":0},{"event_name":"Mysterious Sphere","player_choice":"Ignore","floor":36,"damage_taken":0},{"event_name":"Winding Halls","player_choice":"Embrace Madness","floor":37,"damage_taken":0}],"boss_relics":[{"not_picked":["Runic Cube","Snecko Eye"],"picked":"Cursed Key"},{"not_picked":["Sozu","Runic Dome"],"picked":"Runic Pyramid"}],"potions_floor_spawned":[1,6,11,16,20,22,24,29,38,39],"seed_played":"3896754996337036012","killed_by":"Sphere and 2 Shapes","ascension_level":0,"is_trial":false}