{"path_per_floor":["M","M","?","$","?","R","M","M","T","E","$","R","M","M","R","B",null,"M","?","?","$","M","E","R","M","T","M","$","R","?","M","R"],"character_chosen":"IRONCLAD","items_purchased":["Dual Wield","Flash of Steel"],"gold_per_floor":[117,132,132,22,22,22,42,61,61,118,25,25,38,57,57,161,161,172,172,272,172,192,221,221,231,231,246,121,121,121,140,140],"floor_reached":33,"campfire_rested":1,"playtime":895,"current_hp_per_floor":[77,80,64,64,64,64,64,63,63,77,77,77,80,67,67,12,80,78,63,63,63,65,24,24,25,39,37,37,37,37,43,72],"items_purged":["Defend_R","Defend_R","Defend_R"],"gold":140,"score":305,"play_id":"f96463fc-02a4-4d0b-b2de-d8a883418208","is_prod":false,"is_daily":false,"is_ascension_mode":true,"campfire_upgraded":5,"path_taken":["M","M","?","?","?","R","M","M","T","E","$","R","M","M","R","BOSS","M","?","?","$","M","E","R","M","T","?","$","R","?","M","R","BOSS"],"build_version":"2018-02-22-PROD2","purchased_purges":3,"victory":false,"master_deck":["Strike_R+1","Strike_R+1","Strike_R","Strike_R","Strike_R+1","Defend_R+1","Bash","Armaments+1","Dual Wield+1","Flash of Steel+1","Flex+1","Offering+1"],"max_hp_per_floor":[80,80,80,80,80,80,80,80,80,80,80,80,80,80,80,80,80,80,85,85,85,85,85,85,85,99,99,99,99,99,99,99],"relics":["Burning Blood","Orichalcum","Red Skull","Tiny Chest","Philosopher\u0027s Stone","Blue Candle","Mango"],"card_choices":[{"not_picked":["Pommel Strike","Searing Blow"],"picked":"Armaments"},{"not_picked":["Heavy Blade","Wild Strike"],"picked":"Flex"},{"not_picked":["Immolate","Impervious"],"picked":"Offering"}],"player_experience":91144,"potions_floor_usage":[10,10,23,23,33],"damage_taken":[{"damage":9,"enemies":"2 Louse","floor":1,"turns":3},{"damage":0,"enemies":"Cultist","floor":2,"turns":3},{"damage":6,"enemies":"Jaw Worm","floor":7,"turns":3},{"damage":7,"enemies":"Blue Slaver","floor":8,"turns":4},{"damage":7,"enemies":"3 Sentries","floor":10,"turns":6},{"damage":3,"enemies":"3 Louse","floor":13,"turns":4},{"damage":19,"enemies":"Exordium Thugs","floor":14,"turns":3},{"damage":61,"enemies":"The Guardian","floor":16,"turns":12},{"damage":8,"enemies":"2 Thieves","floor":18,"turns":3},{"damage":4,"enemies":"Chosen","floor":22,"turns":2},{"damage":47,"enemies":"Slavers","floor":23,"turns":4},{"damage":5,"enemies":"Centurion and Healer","floor":25,"turns":2},{"damage":8,"enemies":"Sentry and Sphere","floor":27,"turns":3},{"damage":0,"enemies":"Snecko","floor":31,"turns":2},{"damage":99,"enemies":"Collector","floor":33,"turns":7}],"event_choices":[{"event_name":"Shining Light","player_choice":"Entered Light","floor":3,"damage_taken":0},{"event_name":"Living Wall","player_choice":"Grow","floor":5,"damage_taken":0},{"event_name":"Forgotten Altar","player_choice":"Shed Blood","floor":19,"damage_taken":0},{"event_name":"Golden Shrine","player_choice":"Pray","floor":20,"damage_taken":0},{"event_name":"Accursed Blacksmith","player_choice":"Forge","floor":30,"damage_taken":0}],"boss_relics":[{"not_picked":["Orrery","Velvet Choker"],"picked":"Philosopher\u0027s Stone"}],"potions_floor_spawned":[7,8,14,16,22,25,31],"seed_played":"-8939000897406810417","killed_by":"Collector","ascension_level":1,"is_trial":false}