{"path_per_floor":["M","$","M","$","?","R","M","R","T","?","R","?","M","M","R","B",null,"M","$","M","M","M","R","M","M","T","?","R","M","E","M","R","B",null,"M","?","M","M","$","R","?","R","T","R","?","M","M","?","R"],"character_chosen":"IRONCLAD","items_purchased":["Body Slam","Offering","Lantern","Armaments"],"gold_per_floor":[361,46,58,58,58,58,75,75,75,45,45,45,60,71,71,171,171,186,64,77,88,105,105,118,129,199,199,199,209,239,259,259,363,393,403,403,422,442,342,342,342,342,342,342,342,358,376,376,376],"floor_reached":50,"campfire_rested":4,"playtime":1698,"current_hp_per_floor":[63,63,65,65,65,65,64,64,64,64,64,69,71,53,53,26,77,77,77,77,77,77,77,60,49,49,49,72,64,37,24,47,43,82,78,68,59,31,31,31,31,55,55,55,55,56,14,14,38],"items_purged":["Bash","Strike_R"],"gold":376,"score":447,"play_id":"3f529b64-b338-4bb7-b5b6-3c49f9a7a873","is_prod":false,"is_daily":false,"is_ascension_mode":true,"campfire_upgraded":7,"path_taken":["M","$","M","$","?","R","M","R","T","?","R","?","?","M","R","BOSS","M","$","?","M","?","R","M","M","T","?","R","M","E","M","R","BOSS","M","?","M","M","$","R","?","R","T","R","?","M","M","?","R","BOSS"],"build_version":"2018-02-22-PROD2","purchased_purges":2,"victory":false,"master_deck":["Defend_R","Defend_R","Defend_R","Shrug It Off+1","Body Slam+1","Offering+1","Juggernaut+1","Dual Wield","Body Slam+1","Barricade+1","Immolate+1","Dual Wield+1","True Grit+1","Armaments+1","Metallicize+1","Body Slam+1","Juggernaut+1","Madness","Madness","Armaments+1","Flame Barrier","Entrench+1"],"max_hp_per_floor":[72,72,72,72,72,72,72,72,72,72,72,77,77,77,77,77,77,77,77,77,77,77,77,77,77,77,77,77,77,77,77,77,77,82,82,82,82,82,82,82,82,82,82,82,82,82,82,82,82],"relics":["Burning Blood","Lantern","Girya","Astrolabe","Self Forming Clay","Sundial","Tiny House","Champion Belt"],"card_choices":[{"not_picked":["Thunderclap","Iron Wave"],"picked":"Shrug It Off"},{"not_picked":["Cleave","Sentinel"],"picked":"Dual Wield"},{"not_picked":["Clash","Iron Wave"],"picked":"Body Slam"},{"not_picked":["Anger","Headbutt"],"picked":"True Grit"},{"not_picked":["Burning Pact","Sever Soul"],"picked":"Metallicize"},{"not_picked":["Heavy Blade","Thunderclap"],"picked":"Body Slam"},{"not_picked":["Bludgeon","Brutality"],"picked":"Juggernaut"},{"not_picked":["Havoc","Infernal Blade"],"picked":"Armaments"},{"not_picked":["Sentinel","Heavy Blade"],"picked":"Flame Barrier"},{"not_picked":["Warcry","Pommel Strike"],"picked":"Entrench"}],"player_experience":109542,"potions_floor_usage":[16,16,16,22,30,33,33,35,38,38,50],"damage_taken":[{"damage":15,"enemies":"2 Louse","floor":1,"turns":3},{"damage":4,"enemies":"Cultist","floor":3,"turns":4},{"damage":7,"enemies":"Small Slimes","floor":7,"turns":3},{"damage":4,"enemies":"Blue Slaver","floor":13,"turns":1},{"damage":24,"enemies":"Gremlin Gang","floor":14,"turns":4},{"damage":33,"enemies":"The Guardian","floor":16,"turns":9},{"damage":5,"enemies":"3 Byrds","floor":18,"turns":4},{"damage":4,"enemies":"Shell Parasite","floor":20,"turns":3},{"damage":4,"enemies":"Centurion and Healer","floor":21,"turns":5},{"damage":4,"enemies":"3 Cultists","floor":22,"turns":4},{"damage":23,"enemies":"Sentry and Sphere","floor":24,"turns":5},{"damage":17,"enemies":"Centurion and Healer","floor":25,"turns":6},{"damage":14,"enemies":"Snecko","floor":29,"turns":7},{"damage":33,"enemies":"Slavers","floor":30,"turns":6},{"damage":19,"enemies":"Chosen and Byrds","floor":31,"turns":7},{"damage":10,"enemies":"Collector","floor":33,"turns":6},{"damage":10,"enemies":"3 Shapes","floor":35,"turns":4},{"damage":15,"enemies":"Orb Walker","floor":37,"turns":3},{"damage":34,"enemies":"3 Darklings","floor":38,"turns":5},{"damage":5,"enemies":"Maw","floor":46,"turns":7},{"damage":48,"enemies":"Sphere and 2 Shapes","floor":47,"turns":7},{"damage":53,"enemies":"Donu and Deca","floor":50,"turns":5}],"event_choices":[{"event_name":"Transmorgrifier","player_choice":"Transform","floor":5,"damage_taken":0},{"event_name":"The Woman in Blue","player_choice":"Bought 2 Potions","floor":10,"damage_taken":0},{"event_name":"Big Fish","player_choice":"Donut","floor":12,"damage_taken":0},{"event_name":"The Mausoleum","player_choice":"No","floor":27,"damage_taken":0},{"event_name":"Winding Halls","player_choice":"Embrace Madness","floor":36,"damage_taken":0},{"event_name":"Tomb of Lord Red Mask","player_choice":"Ignored","floor":41,"damage_taken":0},{"event_name":"Mysterious Sphere","player_choice":"Ignore","floor":45,"damage_taken":0}],"boss_relics":[{"not_picked":["Question Card","Runic Pyramid"],"picked":"Astrolabe"},{"not_picked":["Calling Bell","Runic Cube"],"picked":"Tiny House"}],"potions_floor_spawned":[7,16,18,25,29,31,35,38],"seed_played":"1855853263957774417","killed_by":"Donu and Deca","ascension_level":2,"is_trial":false}