{"path_per_floor":["M","?","?","M","M","E","R","M","T","$","M","R","E","?","R","B",null,"M","?","M","?","$","R","M","E","T","$","?","M","R","M","R","B",null,"M","$","M","M","M","R","M","M","T","T","M","R","?","M","R"],"character_chosen":"IRONCLAD","items_purchased":["Shuriken"],"gold_per_floor":[113,113,63,76,96,131,131,147,147,72,88,88,117,192,192,295,295,306,306,323,373,16,16,34,61,61,61,61,75,75,87,87,192,192,207,82,101,114,132,132,144,159,159,206,225,225,225,240,240],"floor_reached":50,"campfire_rested":1,"playtime":2946,"current_hp_per_floor":[72,72,72,72,71,64,64,70,70,70,66,66,65,54,77,46,79,70,70,79,79,79,79,70,72,86,86,86,93,93,93,93,93,93,83,83,93,93,73,73,60,75,75,75,70,70,70,93,93],"items_purged":["Strike_R","Defend_R","Defend_R"],"gold":240,"score":452,"play_id":"89ba4eaa-776b-4bef-9cde-47d1e6a2237b","is_prod":false,"is_daily":false,"is_ascension_mode":false,"campfire_upgraded":8,"path_taken":["M","?","?","M","M","E","R","?","T","$","M","R","E","?","R","BOSS","M","?","?","?","?","R","M","E","T","$","?","?","R","M","R","BOSS","M","$","M","M","M","R","M","?","T","?","M","R","?","M","R","BOSS"],"build_version":"2018-02-15-PROD1","purchased_purges":3,"victory":false,"master_deck":["Defend_R","Defend_R","Bash+1","Impervious+1","Thunderclap+1","Body Slam+1","Flame Barrier+1","Whirlwind+1","Anger+1","Impervious+1","Exhume+1","Armaments+1","Bite+1","Bite+1","Bite+1","Bite+1","Bite+1","Inflame+1","Shrug It Off+1","Dropkick+1","Double Tap+1","Infernal Blade+1"],"max_hp_per_floor":[72,72,72,72,72,72,72,72,72,72,72,72,79,79,79,79,79,79,79,79,79,79,79,79,79,93,93,93,93,93,93,93,93,93,93,93,93,93,93,93,93,93,93,93,93,93,93,93,93],"relics":["Burning Blood","Calipers","Molten Egg 2","Self Forming Clay","Strawberry","Sozu","Shuriken","Pantograph","Mango","Black Star","Dream Catcher","Regal Pillow"],"card_choices":[{"not_picked":["Pommel Strike","Pummel"],"picked":"Impervious"},{"not_picked":["Wild Strike","Shrug It Off"],"picked":"Thunderclap"},{"not_picked":["Shrug It Off","Hemokinesis"],"picked":"Body Slam"},{"not_picked":["Havoc","Pummel"],"picked":"Flame Barrier"},{"not_picked":["Clothesline","Dual Wield"],"picked":"Whirlwind"},{"not_picked":["Feel No Pain","Corruption"],"picked":"Anger"},{"not_picked":["Shrug It Off","Heavy Blade"],"picked":"Impervious"},{"not_picked":["Immolate","Bludgeon"],"picked":"Exhume"},{"not_picked":["Burning Pact","Fire Breathing"],"picked":"Armaments"},{"not_picked":["Havoc","Headbutt"],"picked":"Inflame"},{"not_picked":["Blood for Blood","Sword Boomerang"],"picked":"Shrug It Off"},{"not_picked":["Havoc","Body Slam"],"picked":"Dropkick"},{"not_picked":["Juggernaut","Brutality"],"picked":"Double Tap"},{"not_picked":["Cleave","Disarm"],"picked":"Infernal Blade"}],"player_experience":74247,"potions_floor_usage":[],"damage_taken":[{"damage":6.0,"enemies":"Cultist","floor":1.0,"turns":3.0},{"damage":6.0,"enemies":"2 Louse","floor":4.0,"turns":4.0},{"damage":7.0,"enemies":"Small Slimes","floor":5.0,"turns":3.0},{"damage":13.0,"enemies":"Lagavulin","floor":6.0,"turns":5.0},{"damage":0.0,"enemies":"Exordium Wildlife","floor":8.0,"turns":4.0},{"damage":12.0,"enemies":"Looter","floor":11.0,"turns":3.0},{"damage":16.0,"enemies":"Gremlin Nob","floor":13.0,"turns":4.0},{"damage":39.0,"enemies":"Slime Boss","floor":16.0,"turns":9.0},{"damage":15.0,"enemies":"2 Thieves","floor":18.0,"turns":3.0},{"damage":0.0,"enemies":"3 Byrds","floor":20.0,"turns":4.0},{"damage":15.0,"enemies":"Snecko","floor":24.0,"turns":4.0},{"damage":16.0,"enemies":"Book of Stabbing","floor":25.0,"turns":5.0},{"damage":0.0,"enemies":"Chosen and Byrds","floor":29.0,"turns":3.0},{"damage":9.0,"enemies":"Centurion and Healer","floor":31.0,"turns":4.0},{"damage":22.0,"enemies":"Champ","floor":33.0,"turns":9.0},{"damage":22.0,"enemies":"3 Darklings","floor":35.0,"turns":4.0},{"damage":0.0,"enemies":"Orb Walker","floor":37.0,"turns":3.0},{"damage":3.0,"enemies":"3 Darklings","floor":38.0,"turns":4.0},{"damage":26.0,"enemies":"Maw","floor":39.0,"turns":7.0},{"damage":37,"enemies":"Sphere and 2 Shapes","floor":41,"turns":5},{"damage":0,"enemies":"3 Darklings","floor":42,"turns":4},{"damage":36,"enemies":"4 Shapes","floor":45,"turns":5},{"damage":0,"enemies":"Maw","floor":48,"turns":8},{"damage":130,"enemies":"Time Eater","floor":50,"turns":13}],"event_choices":[{"event_name":"Big Fish","player_choice":"Box","floor":2.0,"damage_taken":0.0},{"event_name":"The Cleric","player_choice":"Card Removal","floor":3.0,"damage_taken":0.0},{"event_name":"World of Goop","player_choice":"Gather Gold","floor":14.0,"damage_taken":0.0},{"event_name":"Vampires","player_choice":"Became a vampire (Vial)","floor":19.0,"damage_taken":0.0},{"event_name":"The Joust","player_choice":"Bet on Murderer","floor":21.0,"damage_taken":0.0},{"event_name":"Addict","player_choice":"Ignored","floor":28.0,"damage_taken":0.0},{"event_name":"The Woman in Blue","player_choice":"Bought 0 Potions","floor":47,"damage_taken":0}],"boss_relics":[],"potions_floor_spawned":[1,6,16,25,31,38,42,48],"seed_played":"-3316970427029738269","killed_by":"Time Eater","ascension_level":0,"is_trial":false}