{"path_per_floor":["M","M","?","$","?","R","?","M","T","R","M","?","M","M","R","B",null,"M","M","?","$","M","R","?","?","T","?","R","$","$","M","R","B",null,"M","M","$","M","M","R","?","?","T","$","R","?","R","M","R","B"],"character_chosen":"IRONCLAD","items_purchased":["Body Slam","Body Slam"],"gold_per_floor":[116,130,130,7,7,7,82,98,98,98,110,60,78,88,88,189,189,205,221,221,121,131,131,131,131,183,183,183,58,58,75,75,179,179,198,215,15,29,43,43,43,43,43,43,43,0,0,12,12,12],"floor_reached":51,"campfire_rested":0,"playtime":1452,"current_hp_per_floor":[72,72,58,58,58,58,47,52,52,52,58,58,64,70,70,72,72,72,72,72,72,72,72,72,72,72,72,72,72,72,72,72,37,72,65,57,57,57,57,57,48,48,48,48,48,48,48,52,52,71],"items_purged":["Strike_R","Strike_R","Strike_R","Strike_R"],"gold":12,"score":610,"play_id":"0f5883f5-589e-41c8-b673-b1084f78552f","is_prod":false,"is_daily":false,"is_ascension_mode":false,"campfire_upgraded":10,"path_taken":["M","M","?","$","?","R","?","M","T","R","M","?","M","M","R","BOSS","M","M","?","$","M","R","?","?","T","?","R","?","$","M","R","BOSS","M","M","$","M","M","R","?","?","T","$","R","?","R","M","R","BOSS"],"build_version":"2018-02-22-PROD2","purchased_purges":5,"victory":true,"master_deck":["Defend_R+1","Defend_R+1","Defend_R+1","Defend_R+1","Bash+1","Body Slam+1","Impervious","Body Slam+1","Shrug It Off+1","Impervious+1","Dropkick+1","Warcry+1","Barricade+1","Shrug It Off+1","Body Slam+1","Madness+1","Bandage Up"],"max_hp_per_floor":[72,72,72,72,72,72,72,72,72,72,72,72,72,72,72,72,72,72,72,72,72,72,72,72,72,72,72,72,72,72,72,72,72,72,72,72,72,72,72,72,72,72,72,72,72,72,72,72,72,72],"relics":["Thread and Needle","Self Forming Clay","Sozu","Whetstone","Nloth\u0027s Gift","Black Star","Du-Vu Doll","Red Mask"],"card_choices":[{"not_picked":["Anger","Uppercut"],"picked":"Impervious"},{"not_picked":["Shockwave","Iron Wave"],"picked":"Body Slam"},{"not_picked":["Power Through","Havoc"],"picked":"Shrug It Off"},{"not_picked":["Fiend Fire","Demon Form"],"picked":"Impervious"},{"not_picked":["Iron Wave","Cleave"],"picked":"Dropkick"},{"not_picked":["Fiend Fire","Exhume"],"picked":"Barricade"},{"not_picked":["Reckless Charge","Thunderclap"],"picked":"Shrug It Off"}],"player_experience":85811,"potions_floor_usage":[22,22,50],"damage_taken":[{"damage":3,"enemies":"Small Slimes","floor":1,"turns":3},{"damage":2,"enemies":"Jaw Worm","floor":2,"turns":4},{"damage":1,"enemies":"Cultist","floor":8,"turns":3},{"damage":0,"enemies":"2 Fungi Beasts","floor":11,"turns":4},{"damage":0,"enemies":"Blue Slaver","floor":13,"turns":2},{"damage":0,"enemies":"Exordium Thugs","floor":14,"turns":5},{"damage":0,"enemies":"Hexaghost","floor":16,"turns":8},{"damage":0,"enemies":"3 Byrds","floor":18,"turns":6},{"damage":0,"enemies":"Chosen","floor":19,"turns":3},{"damage":0,"enemies":"Snake Plant","floor":22,"turns":2},{"damage":0,"enemies":"Snecko","floor":31,"turns":2},{"damage":35,"enemies":"Automaton","floor":33,"turns":12},{"damage":7,"enemies":"Orb Walker","floor":35,"turns":3},{"damage":8,"enemies":"3 Darklings","floor":36,"turns":5},{"damage":0,"enemies":"4 Shapes","floor":38,"turns":4},{"damage":0,"enemies":"Sphere and 2 Shapes","floor":39,"turns":4},{"damage":0,"enemies":"Maw","floor":48,"turns":5},{"damage":0,"enemies":"Awakened One","floor":50,"turns":8}],"event_choices":[{"event_name":"Shining Light","player_choice":"Entered Light","floor":3,"damage_taken":0},{"event_name":"Living Wall","player_choice":"Grow","floor":5,"damage_taken":0},{"event_name":"World of Goop","player_choice":"Gather Gold","floor":7,"damage_taken":0},{"event_name":"The Cleric","player_choice":"Card Removal","floor":12,"damage_taken":0},{"event_name":"Vampires","player_choice":"Ignored","floor":20,"damage_taken":0},{"event_name":"The Library","player_choice":"Read","floor":24,"damage_taken":0},{"event_name":"Cursed Tome","player_choice":"Ignored","floor":25,"damage_taken":0},{"event_name":"N\u0027loth","player_choice":"Traded a Burning Blood","floor":27,"damage_taken":0},{"event_name":"Winding Halls","player_choice":"Embrace Madness","floor":41,"damage_taken":0},{"event_name":"Transmorgrifier","player_choice":"Transform","floor":42,"damage_taken":0},{"event_name":"Tomb of Lord Red Mask","player_choice":"Paid","floor":46,"damage_taken":0}],"boss_relics":[{"not_picked":["White Beast Statue","Orrery"],"picked":"Sozu"},{"not_picked":["Question Card","Velvet Choker"],"picked":"Black Star"}],"potions_floor_spawned":[2,13,16,22,38,39,48],"seed_played":"-466608816128769143","ascension_level":0,"is_trial":false}