{"path_per_floor":["M","M","M","$","?","R","$","R","T","?","?","M","M","M","R","B",null,"M","M","$","M","?","R","T","R","T","R","M","?","M","$","R","B",null,"M","M","?","M","?","R","M","R","T","?","M","$","R","?","R"],"character_chosen":"IRONCLAD","items_purchased":["Offering","Clash","Vajra"],"gold_per_floor":[368,384,396,194,269,269,169,169,169,169,169,184,203,216,216,311,311,330,346,221,241,241,241,313,313,313,313,330,330,349,53,53,150,150,170,185,185,202,202,202,220,220,220,220,231,56,56,56,56],"floor_reached":50,"campfire_rested":0,"playtime":1153,"current_hp_per_floor":[72,65,71,71,60,60,60,60,60,46,46,48,54,56,56,47,72,54,54,54,38,38,38,38,38,38,38,40,27,29,29,29,22,77,77,73,63,63,63,63,40,40,40,40,46,46,46,46,46],"items_purged":["Defend_R","Defend_R","Defend_R","Shrug It Off","Shrug It Off"],"gold":56,"score":427,"play_id":"68d23b54-d979-43ca-8ebb-71ae1c26a0ce","is_prod":false,"is_daily":false,"is_ascension_mode":true,"campfire_upgraded":11,"path_taken":["M","M","M","$","?","R","$","R","T","?","?","M","?","M","R","BOSS","M","M","$","M","?","R","?","R","T","R","M","?","M","$","R","BOSS","M","?","?","M","?","R","M","R","T","?","M","$","R","?","R","BOSS"],"build_version":"2018-02-22-PROD2","purchased_purges":5,"victory":false,"master_deck":["Strike_R+1","Strike_R+1","Strike_R","Strike_R","Strike_R","Bash+1","Clash+1","Offering+1","Clash+1","Flex+1","Battle Trance+1","Dual Wield+1","Madness+1","Pommel Strike+1"],"max_hp_per_floor":[72,72,72,72,72,72,72,72,72,72,72,72,72,72,72,72,72,72,72,72,72,72,72,72,72,72,72,72,77,77,77,77,77,77,77,77,77,77,77,77,77,77,77,77,77,77,77,77,77],"relics":["Burning Blood","Ginger","Black Star","Bag of Preparation","Gremlin Horn","Kunai","Vajra","Runic Dome","Toxic Egg 2"],"card_choices":[{"not_picked":["Twin Strike","Clothesline"],"picked":"Shrug It Off"},{"not_picked":["Headbutt","Cleave"],"picked":"Shrug It Off"},{"not_picked":["Pommel Strike","Dark Embrace"],"picked":"Clash"},{"not_picked":["Anger","Power Through"],"picked":"Flex"},{"not_picked":["Sword Boomerang","Perfected Strike"],"picked":"Battle Trance"},{"not_picked":["Sever Soul","Cleave"],"picked":"Dual Wield"}],"player_experience":89053,"potions_floor_usage":[19,33,33,33,45],"damage_taken":[{"damage":6,"enemies":"Jaw Worm","floor":1,"turns":4},{"damage":13,"enemies":"2 Louse","floor":2,"turns":4},{"damage":0,"enemies":"Small Slimes","floor":3,"turns":3},{"damage":4,"enemies":"2 Fungi Beasts","floor":12,"turns":2},{"damage":0,"enemies":"3 Louse","floor":13,"turns":2},{"damage":4,"enemies":"Looter","floor":14,"turns":2},{"damage":15,"enemies":"The Guardian","floor":16,"turns":8},{"damage":24,"enemies":"2 Thieves","floor":18,"turns":3},{"damage":6,"enemies":"Shell Parasite","floor":19,"turns":2},{"damage":22,"enemies":"Snecko","floor":21,"turns":4},{"damage":4,"enemies":"Snake Plant","floor":28,"turns":3},{"damage":4,"enemies":"Centurion and Healer","floor":30,"turns":2},{"damage":13,"enemies":"Automaton","floor":33,"turns":5},{"damage":4,"enemies":"Orb Walker","floor":35,"turns":1},{"damage":10,"enemies":"3 Shapes","floor":36,"turns":2},{"damage":6,"enemies":"Sphere and 2 Shapes","floor":38,"turns":2},{"damage":29,"enemies":"Maw","floor":41,"turns":3},{"damage":0,"enemies":"4 Shapes","floor":45,"turns":1},{"damage":84,"enemies":"Awakened One","floor":50,"turns":4}],"event_choices":[{"event_name":"World of Goop","player_choice":"Gather Gold","floor":5,"damage_taken":0},{"event_name":"Shining Light","player_choice":"Entered Light","floor":10,"damage_taken":0},{"event_name":"Upgrade Shrine","player_choice":"Upgraded","floor":11,"damage_taken":0},{"event_name":"The Mausoleum","player_choice":"Yes","floor":22,"damage_taken":0},{"event_name":"Forgotten Altar","player_choice":"Shed Blood","floor":29,"damage_taken":0},{"event_name":"Winding Halls","player_choice":"Embrace Madness","floor":37,"damage_taken":0},{"event_name":"Transmorgrifier","player_choice":"Transform","floor":39,"damage_taken":0},{"event_name":"Mysterious Sphere","player_choice":"Ignore","floor":44,"damage_taken":0}],"boss_relics":[{"not_picked":["Cursed Key","Velvet Choker"],"picked":"Black Star"},{"not_picked":["Orrery","Question Card"],"picked":"Runic Dome"}],"potions_floor_spawned":[12,14,16,19,21,33,35,36],"seed_played":"6351651910317459088","killed_by":"Awakened One","ascension_level":1,"is_trial":false}