{"path_per_floor":["M","?","$","M","M","R","?","M","T","R","M","$","R","?","R","B",null,"M","?","M","$","?","R","T","M","T","R","?","E","M","M","R"],"character_chosen":"IRONCLAD","items_purchased":["Dropkick"],"gold_per_floor":[115,115,36,52,69,69,69,80,106,106,120,45,45,45,45,146,146,166,81,91,91,91,91,115,131,183,183,183,218,237,248,248],"floor_reached":33,"campfire_rested":3,"playtime":633,"current_hp_per_floor":[78,78,78,80,73,73,55,44,51,51,40,40,67,67,67,17,91,85,85,67,67,67,67,67,54,54,83,83,26,38,32,62],"items_purged":["Defend_R"],"gold":248,"score":293,"play_id":"be6e3580-8e27-4d74-82a9-de828807d06f","is_prod":false,"is_daily":false,"is_ascension_mode":true,"campfire_upgraded":4,"path_taken":["M","?","$","M","?","R","?","?","T","R","M","$","R","?","R","BOSS","M","?","M","$","?","R","?","?","T","R","?","E","?","M","R","BOSS"],"build_version":"2018-02-22-PROD2","purchased_purges":1,"victory":false,"master_deck":["Strike_R+1","Strike_R+1","Strike_R+1","Strike_R","Strike_R+1","Defend_R","Bash","Flex+1","Dropkick+1","Double Tap","Pommel Strike+1"],"max_hp_per_floor":[80,80,80,80,80,80,80,82,89,89,91,91,91,91,91,91,91,93,93,95,95,95,95,95,97,97,97,97,99,101,103,103],"relics":["Black Blood","Singing Bowl","Strawberry","Oddly Smooth Stone","Bag of Marbles","Whetstone","Bag of Preparation"],"card_choices":[{"not_picked":["Carnage","Infernal Blade"],"picked":"Flex"},{"not_picked":["Demon Form","Impervious"],"picked":"Double Tap"}],"player_experience":104202,"potions_floor_usage":[8,16,25,31],"damage_taken":[{"damage":8,"enemies":"Small Slimes","floor":1,"turns":3},{"damage":0,"enemies":"Cultist","floor":4,"turns":2},{"damage":13,"enemies":"Jaw Worm","floor":5,"turns":3},{"damage":19,"enemies":"Gremlin Gang","floor":8,"turns":4},{"damage":19,"enemies":"Exordium Wildlife","floor":11,"turns":3},{"damage":56,"enemies":"Hexaghost","floor":16,"turns":6},{"damage":18,"enemies":"Chosen","floor":18,"turns":3},{"damage":30,"enemies":"Spheric Guardian","floor":20,"turns":4},{"damage":25,"enemies":"Chosen and Byrds","floor":25,"turns":4},{"damage":69,"enemies":"Book of Stabbing","floor":29,"turns":5},{"damage":0,"enemies":"Cultist and Chosen","floor":30,"turns":3},{"damage":18,"enemies":"Sentry and Sphere","floor":31,"turns":4},{"damage":101,"enemies":"Automaton","floor":33,"turns":6}],"event_choices":[{"event_name":"Upgrade Shrine","player_choice":"Upgraded","floor":2,"damage_taken":0},{"event_name":"Scrap Ooze","player_choice":"success","floor":7,"damage_taken":18},{"event_name":"Dead Adventurer","player_choice":"Searched \u00270\u0027 times","floor":14,"damage_taken":0},{"event_name":"Addict","player_choice":"Obtained Relic","floor":19,"damage_taken":0},{"event_name":"Transmorgrifier","player_choice":"Transform","floor":22,"damage_taken":0},{"event_name":"Cursed Tome","player_choice":"Ignored","floor":28,"damage_taken":0}],"boss_relics":[{"not_picked":["White Beast Statue","Orrery"],"picked":"Black Blood"}],"potions_floor_spawned":[1,4,5,20,29,31],"seed_played":"-5495411378811263307","killed_by":"Automaton","ascension_level":1,"is_trial":false}