{"path_per_floor":["M","?","$","M","M","M","R","$","T","R","M","M","M","M","R","B",null,"M","$","?","$","M","R","E","M","T","?","M","T","M","M","R"],"character_chosen":"IRONCLAD","items_purchased":["Offering","Headbutt"],"gold_per_floor":[112,212,14,25,42,58,58,58,58,58,70,88,104,123,123,221,221,237,137,137,12,31,31,59,75,75,75,89,144,160,176,176],"floor_reached":33,"campfire_rested":1,"playtime":1300,"current_hp_per_floor":[80,80,80,80,71,73,73,73,73,73,62,58,56,58,58,15,80,47,47,47,47,51,51,22,30,44,44,28,28,32,22,43],"items_purged":["Defend_R","Defend_R","Defend_R"],"gold":176,"score":290,"play_id":"5f03bca7-980e-4b1a-84b9-52564fd89100","is_prod":false,"is_daily":false,"is_ascension_mode":false,"campfire_upgraded":4,"path_taken":["M","?","$","?","M","M","R","$","T","R","M","M","M","M","R","BOSS","M","$","?","$","M","R","E","M","T","?","M","?","M","M","R","BOSS"],"build_version":"2018-02-15-PROD1","purchased_purges":4,"victory":false,"master_deck":["Bash","Searing Blow+3","Offering+1","Headbutt","Clash","Flex","Spot Weakness","Clash","Limit Break","Flex+1","Bite","Bite","Bite","Bite","Bite","Clash+1","Clash+1","Offering"],"max_hp_per_floor":[80,80,80,80,80,80,80,80,80,80,80,80,80,80,80,80,80,80,80,56,56,56,56,56,56,70,70,70,70,70,70,70],"relics":["Burning Blood","Mark of Pain","Blood Vial","Mango","Nloth\u0027s Gift","Bronze Scales"],"card_choices":[{"not_picked":["Blood for Blood","Cleave"],"picked":"Searing Blow"},{"not_picked":["Armaments","Cleave"],"picked":"Clash"},{"not_picked":["Pommel Strike","Body Slam"],"picked":"Flex"},{"not_picked":["True Grit","Dual Wield"],"picked":"Spot Weakness"},{"not_picked":["Body Slam","Dropkick"],"picked":"Clash"},{"not_picked":["Immolate","Juggernaut"],"picked":"Limit Break"},{"not_picked":["Dual Wield","Pommel Strike"],"picked":"Flex"},{"not_picked":["Cleave","Juggernaut"],"picked":"Clash"},{"not_picked":["Clothesline","True Grit"],"picked":"Clash"},{"not_picked":["Sentinel","Power Through"],"picked":"Offering"}],"player_experience":64806,"potions_floor_usage":[4,28,30,33,33],"damage_taken":[{"damage":5,"enemies":"Small Slimes","floor":1,"turns":3},{"damage":6,"enemies":"Cultist","floor":4,"turns":3},{"damage":15,"enemies":"Jaw Worm","floor":5,"turns":2},{"damage":4,"enemies":"Blue Slaver","floor":6,"turns":2},{"damage":17,"enemies":"Red Slaver","floor":11,"turns":2},{"damage":10,"enemies":"Looter","floor":12,"turns":2},{"damage":8,"enemies":"Gremlin Gang","floor":13,"turns":2},{"damage":4,"enemies":"Large Slime","floor":14,"turns":3},{"damage":49,"enemies":"Slime Boss","floor":16,"turns":8},{"damage":39,"enemies":"3 Byrds","floor":18,"turns":5},{"damage":4,"enemies":"Spheric Guardian","floor":22,"turns":1},{"damage":39,"enemies":"Slavers","floor":24,"turns":3},{"damage":4,"enemies":"Slaver and Parasite","floor":25,"turns":1},{"damage":34,"enemies":"Sentry and Sphere","floor":28,"turns":4},{"damage":4,"enemies":"Snake Plant","floor":30,"turns":1},{"damage":26,"enemies":"Centurion and Healer","floor":31,"turns":3},{"damage":101,"enemies":"Automaton","floor":33,"turns":6}],"event_choices":[{"event_name":"Golden Shrine","player_choice":"Pray","floor":2,"damage_taken":0},{"event_name":"Vampires","player_choice":"Became a vampire","floor":20,"damage_taken":0},{"event_name":"N\u0027loth","player_choice":"Traded a Calipers","floor":27,"damage_taken":0}],"boss_relics":[{"not_picked":["Black Blood","White Beast Statue"],"picked":"Mark of Pain"}],"potions_floor_spawned":[1,4,13,25,28,30],"seed_played":"7989370750719454855","killed_by":"Automaton","ascension_level":0,"is_trial":false}