{"path_per_floor":["M","T","M","$","?","R","E","T","T","E","$","R","M","$","R","B",null,"M","M","$","M","$","R","M","R","T","M","?","M","M","M","R","B",null,"M","?","M","M","M","R","M","M","T","?","R","M","M","M","R"],"character_chosen":"IRONCLAD","items_purchased":["Body Slam"],"gold_per_floor":[115,115,127,74,74,74,107,187,237,267,192,192,212,112,112,207,207,223,238,113,127,127,127,137,137,137,153,68,79,96,108,108,207,207,224,224,238,251,271,271,289,305,305,305,305,322,334,348,348],"floor_reached":50,"campfire_rested":1,"playtime":1854,"current_hp_per_floor":[71,71,72,72,72,72,52,52,52,49,49,49,55,55,55,46,90,90,90,90,80,80,80,74,74,74,68,68,74,76,84,84,14,90,90,90,90,90,90,90,90,54,74,74,74,55,50,36,69],"items_purged":["Strike_R","Strike_R","Strike_R"],"gold":348,"score":481,"play_id":"bdec4796-87bb-499d-80b7-0bb2c8a77fc9","is_prod":false,"is_daily":false,"is_ascension_mode":true,"campfire_upgraded":8,"path_taken":["M","?","M","$","?","R","E","?","T","E","$","R","M","?","R","BOSS","M","M","$","M","$","R","M","R","T","M","?","M","M","M","R","BOSS","M","?","M","?","M","R","M","M","T","?","R","M","M","M","R","BOSS"],"build_version":"2018-02-22-PROD2","purchased_purges":3,"victory":false,"master_deck":["Strike_R","Strike_R+1","Defend_R+1","Defend_R+1","Defend_R+1","Defend_R+1","Bash","Body Slam+1","Body Slam+1","Offering+1","Shrug It Off+1","Dropkick+1","Armaments+1","Dual Wield+1","Dropkick+1","Pain"],"max_hp_per_floor":[80,80,80,80,80,80,80,80,80,90,90,90,90,90,90,90,90,90,90,90,90,90,90,90,90,90,90,90,90,90,90,90,90,90,90,90,90,90,90,90,90,90,110,110,110,110,110,110,110],"relics":["Burning Blood","Toolbox","Vajra","Bottled Flame","Whetstone","Pear","Philosopher\u0027s Stone","Thread and Needle","Darkstone Periapt","Cursed Key","Mango"],"card_choices":[{"not_picked":["Clothesline","Twin Strike"],"picked":"Body Slam"},{"not_picked":["Twin Strike","Searing Blow"],"picked":"Offering"},{"not_picked":["Clash","Pommel Strike"],"picked":"Shrug It Off"},{"not_picked":["Flex","Carnage"],"picked":"Dropkick"},{"not_picked":["Second Wind","Body Slam"],"picked":"Armaments"},{"not_picked":["Wild Strike","Pommel Strike"],"picked":"Dual Wield"},{"not_picked":["Thunderclap","Shrug It Off"],"picked":"Dropkick"}],"player_experience":97517,"potions_floor_usage":[10,29,39,39,48,50,50],"damage_taken":[{"damage":15,"enemies":"Cultist","floor":1,"turns":4},{"damage":5,"enemies":"Small Slimes","floor":3,"turns":4},{"damage":26,"enemies":"Gremlin Nob","floor":7,"turns":5},{"damage":19,"enemies":"Lagavulin","floor":10,"turns":4},{"damage":0,"enemies":"Jaw Worm","floor":13,"turns":2},{"damage":15,"enemies":"Slime Boss","floor":16,"turns":9},{"damage":4,"enemies":"Spheric Guardian","floor":18,"turns":3},{"damage":2,"enemies":"Shell Parasite","floor":19,"turns":3},{"damage":16,"enemies":"Snecko","floor":21,"turns":3},{"damage":12,"enemies":"Centurion and Healer","floor":24,"turns":3},{"damage":12,"enemies":"Snake Plant","floor":27,"turns":3},{"damage":4,"enemies":"3 Cultists","floor":29,"turns":3},{"damage":4,"enemies":"Centurion and Healer","floor":30,"turns":3},{"damage":4,"enemies":"Snecko","floor":31,"turns":3},{"damage":76,"enemies":"Automaton","floor":33,"turns":11},{"damage":4,"enemies":"3 Shapes","floor":35,"turns":1},{"damage":4,"enemies":"3 Darklings","floor":37,"turns":2},{"damage":4,"enemies":"Maw","floor":38,"turns":4},{"damage":4,"enemies":"Sphere and 2 Shapes","floor":39,"turns":3},{"damage":4,"enemies":"3 Darklings","floor":41,"turns":2},{"damage":42,"enemies":"4 Shapes","floor":42,"turns":4},{"damage":25,"enemies":"Maw","floor":46,"turns":6},{"damage":11,"enemies":"Sphere and 2 Shapes","floor":47,"turns":3},{"damage":20,"enemies":"4 Shapes","floor":48,"turns":5},{"damage":87,"enemies":"Donu and Deca","floor":50,"turns":6}],"event_choices":[{"event_name":"Living Wall","player_choice":"Grow","floor":5,"damage_taken":0},{"event_name":"Addict","player_choice":"Obtained Relic","floor":28,"damage_taken":0},{"event_name":"The Woman in Blue","player_choice":"Bought 0 Potions","floor":36,"damage_taken":0},{"event_name":"Tomb of Lord Red Mask","player_choice":"Ignored","floor":44,"damage_taken":0}],"boss_relics":[{"not_picked":["White Beast Statue","Black Star"],"picked":"Philosopher\u0027s Stone"},{"not_picked":["Snecko Eye","Velvet Choker"],"picked":"Cursed Key"}],"potions_floor_spawned":[7,16,19,24,27,30,31,33,37,41,42,48],"seed_played":"3211755874431148556","killed_by":"Donu and Deca","ascension_level":1,"is_trial":false}