{"path_per_floor":["M","M","?","M","$","E","?","E","T","T","M","R","?","M","R","B",null,"M","M","?","M","M","R","?","R","T","M","?","M","E","M","R","B",null,"M","M","$","M","M","R","E","M","T","?","?","$","R","$","R"],"character_chosen":"IRONCLAD","items_purchased":["Perfected Strike","Bottled Lightning","Energy Potion"],"gold_per_floor":[117,134,134,152,24,55,55,87,87,111,124,124,124,141,141,238,238,250,267,267,284,302,302,302,302,302,321,321,333,360,374,374,474,474,487,499,237,250,265,265,296,315,315,315,315,195,195,195,195],"floor_reached":50,"campfire_rested":4,"playtime":1184,"current_hp_per_floor":[73,69,69,63,63,41,25,17,17,17,9,35,64,55,55,37,75,63,65,48,50,40,67,67,67,67,53,53,43,39,38,65,39,79,73,75,75,65,58,66,30,32,32,32,32,32,67,67,75],"items_purged":["Defend_R","Clumsy"],"gold":195,"score":630,"play_id":"1739828b-c5ae-4d6f-8958-5703ba0ce39e","local_time":"20180320224710","is_prod":false,"is_daily":false,"is_ascension_mode":true,"campfire_upgraded":4,"timestamp":1521604030,"path_taken":["M","M","?","?","$","E","?","E","T","?","M","R","?","M","R","BOSS","M","M","?","?","M","R","?","R","T","?","?","M","E","M","R","BOSS","M","?","$","?","M","R","E","M","T","?","?","$","R","$","R","BOSS"],"build_version":"2018-03-15v3","purchased_purges":3,"victory":false,"master_deck":["Strike_R+1","Strike_R+1","Strike_R+1","Strike_R+1","Strike_R+1","Defend_R+1","Defend_R+1","Defend_R+1","Bash","Clothesline+1","Dual Wield+1","Perfected Strike+1","Perfected Strike","Perfected Strike","Pommel Strike","Double Tap+1","Inflame+1","Pommel Strike","Dropkick","Inflame+1","Pommel Strike+1","Double Tap+1","Flex+1"],"max_hp_per_floor":[80,80,80,80,80,80,80,87,87,87,87,87,87,87,87,87,87,87,87,92,92,92,92,92,92,92,92,92,92,92,92,92,92,92,92,92,92,92,92,92,92,92,92,92,92,92,92,92,92],"relics":["Snecko Eye","Lantern","Strawberry","Bird Faced Urn","Prayer Wheel","Cursed Key","Mercury Hourglass","Eternal Feather","Bottled Lightning","The Courier","Art of War"],"card_choices":[{"not_picked":["Second Wind","Shockwave"],"picked":"Clothesline"},{"not_picked":["Heavy Blade","Seeing Red"],"picked":"Dual Wield"},{"not_picked":["Havoc","Entrench"],"picked":"Perfected Strike"},{"not_picked":["Dark Embrace","Headbutt"],"picked":"Perfected Strike"},{"not_picked":["Spot Weakness","Infernal Blade"],"picked":"Pommel Strike"},{"not_picked":["Impervious","Brutality"],"picked":"Double Tap"},{"not_picked":["Combust","Sentinel"],"picked":"Inflame"},{"not_picked":["Headbutt","True Grit"],"picked":"Pommel Strike"},{"not_picked":["Shrug It Off","Wild Strike"],"picked":"Dropkick"},{"not_picked":["Rage","Warcry"],"picked":"Inflame"},{"not_picked":["Warcry","Dual Wield"],"picked":"Pommel Strike"},{"not_picked":["Bludgeon","Fiend Fire"],"picked":"Double Tap"},{"not_picked":["Heavy Blade","Hemokinesis"],"picked":"Flex"}],"player_experience":200591,"potions_floor_usage":[6,33,36,41,41,50,50],"damage_taken":[{"damage":7,"enemies":"Small Slimes","floor":1,"turns":3},{"damage":4,"enemies":"Cultist","floor":2,"turns":3},{"damage":6,"enemies":"2 Louse","floor":4,"turns":2},{"damage":22,"enemies":"3 Sentries","floor":6,"turns":4},{"damage":15,"enemies":"Lagavulin","floor":8,"turns":3},{"damage":8,"enemies":"Looter","floor":11,"turns":2},{"damage":9,"enemies":"2 Fungi Beasts","floor":14,"turns":2},{"damage":18,"enemies":"Hexaghost","floor":16,"turns":3},{"damage":12,"enemies":"3 Byrds","floor":18,"turns":3},{"damage":0,"enemies":"Shell Parasite","floor":19,"turns":1},{"damage":0,"enemies":"Snecko","floor":21,"turns":1},{"damage":10,"enemies":"3 Cultists","floor":22,"turns":3},{"damage":14,"enemies":"Centurion and Healer","floor":27,"turns":2},{"damage":12,"enemies":"Cultist and Chosen","floor":29,"turns":2},{"damage":6,"enemies":"Gremlin Leader","floor":30,"turns":3},{"damage":5,"enemies":"Snecko","floor":31,"turns":3},{"damage":28,"enemies":"Champ","floor":33,"turns":3},{"damage":8,"enemies":"3 Shapes","floor":35,"turns":2},{"damage":0,"enemies":"Orb Walker","floor":36,"turns":1},{"damage":12,"enemies":"Maw","floor":38,"turns":5},{"damage":7,"enemies":"3 Darklings","floor":39,"turns":2},{"damage":40,"enemies":"2 Orb Walkers","floor":41,"turns":3},{"damage":0,"enemies":"Sphere and 2 Shapes","floor":42,"turns":2},{"damage":86,"enemies":"Awakened One","floor":50,"turns":3}],"event_choices":[{"event_name":"Accursed Blacksmith","player_choice":"Forge","floor":3,"damage_taken":0},{"event_name":"Shining Light","player_choice":"Entered Light","floor":7,"damage_taken":0},{"event_name":"Big Fish","player_choice":"Banana","floor":13,"damage_taken":0},{"event_name":"Forgotten Altar","player_choice":"Shed Blood","floor":20,"damage_taken":0},{"event_name":"Drug Dealer","player_choice":"Ignored","floor":24,"damage_taken":0},{"event_name":"Back to Basics","player_choice":"Simplicity","floor":28,"damage_taken":0},{"event_name":"Tomb of Lord Red Mask","player_choice":"Ignored","floor":44,"damage_taken":0},{"event_name":"Mysterious Sphere","player_choice":"Ignore","floor":45,"damage_taken":0}],"boss_relics":[{"not_picked":["Orrery","Question Card"],"picked":"Cursed Key"},{"not_picked":["Lizard Tail","Pandora\u0027s Box"],"picked":"Eternal Feather"}],"potions_floor_spawned":[1,2,8,14,16,18,21,29,30,35,41,42],"seed_played":"-8789496308467888334","killed_by":"Awakened One","ascension_level":5,"is_trial":false}