{"path_per_floor":["M","M","M","$","?","E","R","?","T","R","E","?","M","M","R","B",null,"M","M","M","T","M","E","R"],"character_chosen":"IRONCLAD","items_purchased":["Armaments"],"gold_per_floor":[119,131,148,103,103,138,138,138,163,163,193,158,168,138,138,236,236,250,225,241,311,325,360,360,360],"floor_reached":25,"campfire_rested":3,"playtime":1051,"current_hp_per_floor":[88,82,77,77,77,12,38,31,31,57,46,68,65,66,66,57,80,86,85,57,57,19,17,43,0],"items_purged":[],"gold":360,"score":320,"play_id":"67c87b82-4368-4ace-9764-03be234b0c42","local_time":"20180329150253","is_prod":false,"is_daily":false,"is_ascension_mode":true,"campfire_upgraded":1,"timestamp":1522353773,"path_taken":["M","M","M","$","?","E","R","?","T","R","E","?","M","M","R","BOSS","M","M","M","?","M","E","R","E"],"build_version":"2018-03-22v2","purchased_purges":1,"victory":false,"master_deck":["Strike_R","Strike_R","Strike_R","Strike_R","Defend_R","Defend_R","Defend_R","Defend_R","Bash","Armaments","Juggernaut","Entrench","Armaments","Shrug It Off","Thunderclap","Barricade+1","Body Slam","Impervious","Dual Wield+1","Uppercut","Clumsy","Battle Trance+1","Reaper"],"max_hp_per_floor":[88,88,88,88,88,88,88,88,88,88,88,88,88,88,88,88,88,88,88,88,88,88,88,88,88],"relics":["Burning Blood","Prayer Wheel","Pen Nib","Oddly Smooth Stone","Cursed Key","Centennial Puzzle","Bottled Tornado"],"card_choices":[{"not_picked":["Shockwave","Havoc"],"picked":"Armaments","floor":1},{"not_picked":["Hemokinesis","Heavy Blade"],"picked":"Juggernaut","floor":2},{"not_picked":["Rupture","Twin Strike"],"picked":"Entrench","floor":3},{"not_picked":["Heavy Blade","Hemokinesis"],"picked":"Shrug It Off","floor":6},{"not_picked":["Reckless Charge","Clash"],"picked":"Thunderclap","floor":9},{"not_picked":["Sword Boomerang","Carnage"],"picked":"Barricade","floor":13},{"not_picked":["Twin Strike","Rupture"],"picked":"Body Slam","floor":14},{"not_picked":["Brutality","Demon Form"],"picked":"Impervious","floor":16},{"not_picked":["Anger","Perfected Strike"],"picked":"Dual Wield","floor":19},{"not_picked":["Iron Wave","Evolve"],"picked":"Uppercut","floor":20},{"not_picked":["Uppercut","Flex"],"picked":"Battle Trance","floor":22},{"not_picked":["Iron Wave","Power Through"],"picked":"Reaper","floor":23}],"player_experience":220167,"potions_floor_usage":[6,6,16,22,22,22,23],"damage_taken":[{"damage":6,"enemies":"Cultist","floor":1,"turns":3},{"damage":12,"enemies":"Jaw Worm","floor":2,"turns":2},{"damage":11,"enemies":"2 Louse","floor":3,"turns":3},{"damage":71,"enemies":"Gremlin Nob","floor":6,"turns":6},{"damage":17,"enemies":"Lagavulin","floor":11,"turns":13},{"damage":9,"enemies":"Blue Slaver","floor":13,"turns":4},{"damage":5,"enemies":"Looter","floor":14,"turns":4},{"damage":15,"enemies":"Slime Boss","floor":16,"turns":15},{"damage":0,"enemies":"Chosen","floor":18,"turns":6},{"damage":7,"enemies":"2 Thieves","floor":19,"turns":5},{"damage":34,"enemies":"Snecko","floor":20,"turns":7},{"damage":59,"enemies":"Cultist and Chosen","floor":22,"turns":10},{"damage":8,"enemies":"Gremlin Leader","floor":23,"turns":7},{"damage":80,"enemies":"Slavers","floor":25,"turns":7}],"event_choices":[{"event_name":"Liars Game","player_choice":"disagreed","floor":5,"damage_taken":0},{"event_name":"Golden Wing","player_choice":"Card Removal","floor":8,"damage_taken":0},{"event_name":"The Cleric","player_choice":"Healed","floor":12,"damage_taken":0}],"boss_relics":[{"not_picked":["Ectoplasm","Mark of Pain"],"picked":"Cursed Key"}],"potions_floor_spawned":[1,3,11,16,19,20,22],"seed_played":"8115599094832714501","killed_by":"Slavers","ascension_level":5,"is_trial":false}