{"path_per_floor":["M","M","M","M","?","R","M","E","T","?","R","?","M","?","R","B",null,"M","$","M","?","M","E","R","E","T","E","R","?","M","M","R","B",null,"M","M"],"character_chosen":"IRONCLAD","items_purchased":["Meat on the Bone","Apotheosis"],"gold_per_floor":[112,131,141,159,234,234,248,273,325,325,325,325,339,339,339,444,444,457,1,15,15,33,66,66,97,97,125,125,125,144,155,155,255,255,271,287,287],"floor_reached":37,"campfire_rested":1,"playtime":891,"current_hp_per_floor":[80,80,71,72,61,61,61,57,57,57,57,50,50,80,80,55,74,48,48,41,41,42,44,52,54,54,41,49,34,37,45,78,20,69,66,53,0],"items_purged":[],"gold":287,"score":539,"play_id":"96c2acb4-94d1-49d2-9894-12fb9fd81cdd","local_time":"20180417024152","is_prod":false,"is_daily":false,"chose_seed":false,"is_ascension_mode":true,"campfire_upgraded":5,"timestamp":1523950912,"path_taken":["M","?","M","M","?","R","M","E","T","?","R","?","?","?","R","BOSS","M","$","M","?","M","E","R","E","T","E","R","?","M","M","R","BOSS","M","M","M"],"build_version":"2018-04-12","seed_source_timestamp":109224739760599,"purchased_purges":0,"victory":false,"master_deck":["Strike_R","Strike_R","Strike_R","Strike_R","Strike_R","Defend_R","Defend_R","Defend_R","Defend_R","Bash","Immolate+1","Seeing Red+1","Thunderclap+1","Cleave+1","Inflame+1","Heavy Blade+1","Apotheosis+1","Inflame+1","Thunderclap+1","Whirlwind","Double Tap","Limit Break","Inflame"],"max_hp_per_floor":[80,80,80,80,80,80,80,80,80,80,80,80,80,80,80,80,80,80,80,80,80,80,80,80,80,80,80,80,85,85,85,85,85,85,85,85,85],"relics":["Burning Blood","Lantern","Ancient Tea Set","Mummified Hand","Eternal Feather","Meat on the Bone","Blood Vial","Bird Faced Urn","Art of War","Ornamental Fan","Mark of Pain"],"card_choices":[{"not_picked":["Headbutt","Anger"],"picked":"Seeing Red","floor":1},{"not_picked":["Twin Strike","Rampage"],"picked":"Thunderclap","floor":2},{"not_picked":["Wild Strike","Cleave"],"picked":"Combust","floor":3},{"not_picked":["Fire Breathing","Sever Soul"],"picked":"Cleave","floor":7},{"not_picked":["Bludgeon","Flex"],"picked":"Inflame","floor":8},{"not_picked":["True Grit","Rupture"],"picked":"Heavy Blade","floor":18},{"not_picked":["Entrench","Perfected Strike"],"picked":"Thunderclap","floor":22},{"not_picked":["Shrug It Off","Sword Boomerang"],"picked":"Whirlwind","floor":23},{"not_picked":["Reckless Charge","Armaments"],"picked":"Double Tap","floor":30},{"not_picked":["Demon Form","Juggernaut"],"picked":"Limit Break","floor":33},{"not_picked":["Cleave","Feel No Pain"],"picked":"Inflame","floor":35}],"player_experience":263697,"potions_floor_usage":[8,16,16,25,27,33,36],"damage_taken":[{"damage":6,"enemies":"Cultist","floor":1,"turns":4},{"damage":0,"enemies":"2 Louse","floor":2,"turns":1},{"damage":15,"enemies":"Small Slimes","floor":3,"turns":3},{"damage":5,"enemies":"Gremlin Gang","floor":4,"turns":3},{"damage":6,"enemies":"Large Slime","floor":7,"turns":5},{"damage":10,"enemies":"3 Sentries","floor":8,"turns":3},{"damage":6,"enemies":"Looter","floor":13,"turns":2},{"damage":31,"enemies":"Slime Boss","floor":16,"turns":7},{"damage":32,"enemies":"Chosen","floor":18,"turns":4},{"damage":25,"enemies":"Spheric Guardian","floor":20,"turns":4},{"damage":17,"enemies":"Centurion and Healer","floor":22,"turns":4},{"damage":16,"enemies":"Slavers","floor":23,"turns":2},{"damage":18,"enemies":"Gremlin Leader","floor":25,"turns":3},{"damage":35,"enemies":"Slavers","floor":27,"turns":3},{"damage":21,"enemies":"Sentry and Sphere","floor":30,"turns":4},{"damage":14,"enemies":"Snecko","floor":31,"turns":3},{"damage":82,"enemies":"Automaton","floor":33,"turns":8},{"damage":13,"enemies":"Orb Walker","floor":35,"turns":3},{"damage":21,"enemies":"3 Darklings","floor":36,"turns":2},{"damage":69,"enemies":"Maw","floor":37,"turns":6}],"event_choices":[{"event_name":"World of Goop","player_choice":"Gather Gold","floor":5,"damage_taken":0},{"event_name":"Living Wall","player_choice":"Grow","floor":10,"damage_taken":0},{"event_name":"Scrap Ooze","player_choice":"success","floor":12,"damage_taken":7},{"event_name":"Bonfire Elementals","player_choice":"UNCOMMON","floor":14,"damage_taken":0},{"event_name":"Duplicator","player_choice":"One dupe","floor":21,"damage_taken":0},{"event_name":"Forgotten Altar","player_choice":"Shed Blood","floor":29,"damage_taken":0}],"boss_relics":[{"not_picked":["Calling Bell","Ectoplasm"],"picked":"Eternal Feather"},{"not_picked":["Velvet Choker","Runic Pyramid"],"picked":"Mark of Pain"}],"potions_floor_spawned":[2,4,8,23,25,31,35],"seed_played":"3340146320117724002","killed_by":"Maw","ascension_level":5,"is_trial":false}