{"path_per_floor":["M","?","M","$","M","R","?","M","T","R","M","M","M","M","R"],"character_chosen":"THE_SILENT","items_purchased":["Regal Pillow","Outmaneuver"],"gold_per_floor":[110,185,199,26,40,40,40,60,138,138,158,172,188,205,205],"floor_reached":16,"campfire_rested":2,"playtime":522,"current_hp_per_floor":[70,59,47,47,41,70,70,59,59,59,40,40,22,21,57],"items_purged":[],"gold":205,"score":96,"play_id":"550e6a82-23f6-43fd-8121-28b0ad2f949a","is_prod":false,"is_daily":false,"is_ascension_mode":false,"campfire_upgraded":1,"path_taken":["M","?","M","?","M","R","?","M","T","R","?","?","M","M","R","BOSS"],"build_version":"2018-02-15-PROD1","purchased_purges":0,"victory":false,"master_deck":["Defend_G","Defend_G","Defend_G","Defend_G","Defend_G","Strike_G","Strike_G","Strike_G","Strike_G","Strike_G","Survivor","Neutralize","Distraction","All Out Attack+1","Outmaneuver","Dagger Spray","Regret","Flying Knee","Flechettes","All Out Attack","PiercingWail","Outmaneuver"],"max_hp_per_floor":[70,70,70,70,70,70,70,70,70,70,70,70,70,70,70],"relics":["Ring of the Snake","Regal Pillow","Bronze Scales","Mummified Hand"],"card_choices":[{"not_picked":["Slice","Calculated Gamble"],"picked":"Distraction"},{"not_picked":["Flying Knee","Poisoned Stab"],"picked":"All Out Attack"},{"not_picked":["Accuracy","Endless Agony"],"picked":"Dagger Spray"},{"not_picked":["Dagger Throw","Concentrate"],"picked":"Flying Knee"},{"not_picked":["Bane","Corpse Explosion"],"picked":"Flechettes"},{"not_picked":["Prepared","Concentrate"],"picked":"All Out Attack"},{"not_picked":["Masterful Stab","Cloak And Dagger"],"picked":"PiercingWail"},{"not_picked":["Malaise","Poisoned Stab"],"picked":"Outmaneuver"}],"player_experience":121851,"potions_floor_usage":[5,14,16],"damage_taken":[{"damage":0,"enemies":"Jaw Worm","floor":1,"turns":4},{"damage":12,"enemies":"Small Slimes","floor":3,"turns":5},{"damage":6,"enemies":"Cultist","floor":5,"turns":3},{"damage":11,"enemies":"2 Fungi Beasts","floor":8,"turns":3},{"damage":19,"enemies":"Exordium Wildlife","floor":11,"turns":3},{"damage":0,"enemies":"Lots of Slimes","floor":12,"turns":1},{"damage":18,"enemies":"Exordium Thugs","floor":13,"turns":3},{"damage":1,"enemies":"Blue Slaver","floor":14,"turns":2},{"damage":60,"enemies":"Hexaghost","floor":16,"turns":9}],"event_choices":[{"event_name":"World of Goop","player_choice":"Gather Gold","floor":2,"damage_taken":0},{"event_name":"Big Fish","player_choice":"Box","floor":7,"damage_taken":0}],"boss_relics":[],"potions_floor_spawned":[3,8,13],"seed_played":"3278329434929894506","killed_by":"Hexaghost","ascension_level":0,"is_trial":false}