{"path_per_floor":["M","M","?","?","$","R","M","M","T","R","M","R","E","?","R","B",null,"M","M","M","$","M","E","M"],"character_chosen":"IRONCLAD","items_purchased":[],"gold_per_floor":[118,129,129,129,54,54,74,94,117,117,137,137,162,162,162,264,264,275,288,298,198,213,240,260],"floor_reached":25,"campfire_rested":0,"playtime":2110,"current_hp_per_floor":[75,80,64,57,57,57,58,64,64,64,66,66,54,54,54,41,80,71,53,38,38,33,17,8],"items_purged":["Strike_R","Defend_R"],"gold":260,"play_id":"a52e9644-81e4-456a-86b0-9e522b0115f1","is_prod":false,"is_daily":false,"campfire_rituals":0,"campfire_upgraded":4,"is_hardmode":false,"path_taken":["M","M","?","?","$","R","M","M","T","R","M","R","E","?","R","BOSS","M","M","M","$","M","E","M","M"],"build_version":"2017-12-21-PROD1","purchased_purges":2,"victory":false,"master_deck":["Strike_R","Strike_R","Strike_R","Defend_R","Defend_R","Defend_R","Bash","Metallicize","Rampage","Headbutt","Iron Wave","Flex","Bludgeon","Berserk","Seeing Red","Iron Wave","Armaments","Rage","Twin Strike"],"max_hp_per_floor":[80,80,80,80,80,80,80,80,80,80,80,80,80,80,80,80,80,80,80,80,80,80,80,80],"relics":["Burning Blood","Charon\u0027s Ashes","Whetstone","Anchor","Black Star","Omamori","Prayer Wheel"],"campfire_meditates":0,"card_choices":[{"not_picked":["Searing Blow","Anger"],"picked":"Metallicize"},{"not_picked":["Blood for Blood","Seeing Red"],"picked":"Rampage"},{"not_picked":["Dark Embrace","Flex"],"picked":"Headbutt"},{"not_picked":["Flex","Fire Breathing"],"picked":"Iron Wave"},{"not_picked":["Thunderclap","Heavy Blade"],"picked":"Flex"},{"not_picked":["Havoc","Flame Barrier"],"picked":"Bludgeon"},{"not_picked":["Juggernaut","Exhume"],"picked":"Berserk"},{"not_picked":["Twin Strike","Reckless Charge"],"picked":"Seeing Red"},{"not_picked":["Dual Wield","True Grit"],"picked":"Iron Wave"},{"not_picked":["Perfected Strike","Impervious"],"picked":"Armaments"},{"not_picked":["Hemokinesis","True Grit"],"picked":"Rage"},{"not_picked":["Power Through","Whirlwind"],"picked":"Twin Strike"}],"player_experience":130117,"potions_floor_usage":[13,13,16,16,24,24],"damage_taken":[{"damage":11,"enemies":"Jaw Worm","floor":1,"turns":5},{"damage":1,"enemies":"Cultist","floor":2,"turns":4},{"damage":5,"enemies":"Looter","floor":7,"turns":3},{"damage":0,"enemies":"Large Slime","floor":8,"turns":4},{"damage":4,"enemies":"3 Louse","floor":11,"turns":4},{"damage":18,"enemies":"Lagavulin","floor":13,"turns":3},{"damage":34,"enemies":"Slime Boss","floor":16,"turns":11},{"damage":15,"enemies":"2 Thieves","floor":18,"turns":4},{"damage":24,"enemies":"3 Byrds","floor":19,"turns":6},{"damage":21,"enemies":"Snake Plant","floor":20,"turns":5},{"damage":11,"enemies":"Centurion and Healer","floor":22,"turns":5},{"damage":22,"enemies":"Slavers","floor":23,"turns":7},{"damage":15,"enemies":"Snecko","floor":24,"turns":3},{"damage":8,"enemies":"Slaver and Parasite","floor":25,"turns":1}],"event_choices":[{"event_name":"Shining Light","player_choice":"Entered Light","floor":3,"damage_taken":0},{"event_name":"Scrap Ooze","player_choice":"success","floor":4,"damage_taken":7},{"event_name":"Living Wall","player_choice":"Forget","floor":14,"damage_taken":0}],"boss_relics":[{"not_picked":["Tiny House","Eternal Feather"],"picked":"Black Star"}],"potions_floor_spawned":[1,2,8,13,18,19,23],"seed_played":"-6389826175643112195","killed_by":"Slaver and Parasite","is_trial":false}