{"path_per_floor":["M","?","M","?","M","R","$","R","T","M","M","?","R","M","R","B",null,"M","?","M","$","M","R","M","M","T","M","$","M","?","M","R","B",null,"M","M","M","$","M","R","M","$","T","M","?","R","M","M","R","B"],"character_chosen":"IRONCLAD","items_purchased":["Apotheosis","Spot Weakness","Body Slam"],"gold_per_floor":[110,110,125,125,142,142,67,67,118,130,144,144,144,162,162,293,293,307,307,330,49,67,67,83,107,184,209,54,70,70,89,89,217,217,231,249,265,265,279,279,295,133,133,153,153,153,178,203,203,203],"floor_reached":51,"campfire_rested":3,"playtime":4396,"current_hp_per_floor":[80,80,80,73,70,70,70,70,70,76,80,76,76,68,68,51,76,76,76,61,61,55,76,65,43,43,38,38,54,54,54,62,64,76,76,71,76,76,40,72,66,66,66,66,66,74,62,54,76,39],"items_purged":["Strike_R","Defend_R","Strike_R","Defend_R"],"gold":203,"play_id":"fe668fe7-0dda-4129-86a4-1e3303598f34","is_prod":false,"is_daily":false,"campfire_rituals":0,"campfire_upgraded":6,"is_hardmode":false,"path_taken":["M","?","M","?","M","R","$","R","T","M","M","?","R","M","R","BOSS","M","?","M","$","M","R","M","M","T","M","$","?","?","M","R","BOSS","M","?","M","$","M","R","?","$","T","M","?","R","M","M","R","BOSS"],"build_version":"2017-12-29-BETA1","purchased_purges":7,"victory":true,"master_deck":["Strike_R","Strike_R","Defend_R","Bash","Flex","Carnage","Offering","Blood for Blood","Reaper","Pummel","True Grit","True Grit","Apotheosis","Cleave","True Grit","Clothesline","Pommel Strike","Spot Weakness","Warcry","Sentinel","Pummel","Headbutt","Clash","Body Slam","Rampage"],"max_hp_per_floor":[80,80,80,80,80,80,80,80,80,80,80,76,76,76,76,76,76,76,76,76,76,76,76,76,76,76,76,76,76,76,76,76,76,76,76,76,76,76,76,76,76,76,76,76,76,76,76,76,76,76],"relics":["Burning Blood","Orichalcum","Golden Idol","Eternal Feather","The Courier","Velvet Choker","Paper Frog"],"campfire_meditates":0,"card_choices":[{"not_picked":["Iron Wave","Clothesline"],"picked":"Flex"},{"not_picked":["Dual Wield","Anger"],"picked":"Carnage"},{"not_picked":["Cleave","Warcry"],"picked":"Offering"},{"not_picked":["Sword Boomerang","Infernal Blade"],"picked":"Blood for Blood"},{"not_picked":["Offering","Fiend Fire"],"picked":"Reaper"},{"not_picked":["Clash","Wild Strike"],"picked":"Pummel"},{"not_picked":["Flame Barrier","Burning Pact"],"picked":"True Grit"},{"not_picked":["Twin Strike","Heavy Blade"],"picked":"Cleave"},{"not_picked":["Battle Trance","Dual Wield"],"picked":"True Grit"},{"not_picked":["Carnage","True Grit"],"picked":"Clothesline"},{"not_picked":["Thunderclap","Searing Blow"],"picked":"Pommel Strike"},{"not_picked":["Double Tap","Dropkick"],"picked":"Warcry"},{"not_picked":["Hemokinesis","Inflame"],"picked":"Sentinel"},{"not_picked":["Berserk","Demon Form"],"picked":"Offering"},{"not_picked":["Clash","Perfected Strike"],"picked":"Pummel"},{"not_picked":["True Grit","Iron Wave"],"picked":"Headbutt"},{"not_picked":["Cleave","Perfected Strike"],"picked":"Clash"},{"not_picked":["Perfected Strike","Flame Barrier"],"picked":"Rampage"}],"player_experience":238191,"potions_floor_usage":[16,27,33,33,33,36,39],"damage_taken":[{"damage":5,"enemies":"Small Slimes","floor":1,"turns":3},{"damage":0,"enemies":"2 Louse","floor":3,"turns":3},{"damage":9,"enemies":"Blue Slaver","floor":5,"turns":4},{"damage":0,"enemies":"3 Louse","floor":10,"turns":3},{"damage":0,"enemies":"Large Slime","floor":11,"turns":5},{"damage":14,"enemies":"Gremlin Gang","floor":14,"turns":3},{"damage":23,"enemies":"The Guardian","floor":16,"turns":4},{"damage":7,"enemies":"3 Byrds","floor":18,"turns":4},{"damage":21,"enemies":"2 Thieves","floor":20,"turns":3},{"damage":17,"enemies":"Slaver and Parasite","floor":22,"turns":5},{"damage":19,"enemies":"Snecko","floor":24,"turns":5},{"damage":29,"enemies":"Sentry and Sphere","floor":25,"turns":6},{"damage":11,"enemies":"Slaver and Parasite","floor":27,"turns":4},{"damage":3,"enemies":"Snecko","floor":29,"turns":3},{"damage":6,"enemies":"Chosen and Byrds","floor":31,"turns":4},{"damage":38,"enemies":"Collector","floor":33,"turns":11},{"damage":8,"enemies":"Flame Bruiser 1 Orb","floor":35,"turns":4},{"damage":24,"enemies":"3 Shapes","floor":36,"turns":5},{"damage":12,"enemies":"3 Darklings","floor":37,"turns":3},{"damage":49,"enemies":"Spire Growth","floor":39,"turns":4},{"damage":19,"enemies":"4 Shapes","floor":41,"turns":8},{"damage":24,"enemies":"Sphere and 2 Shapes","floor":44,"turns":4},{"damage":18,"enemies":"Spire Growth","floor":47,"turns":3},{"damage":28,"enemies":"Flame Bruiser 2 Orb","floor":48,"turns":6},{"damage":60,"enemies":"Awakened One","floor":50,"turns":9}],"event_choices":[{"event_name":"Liars Game","player_choice":"disagreed","floor":2,"damage_taken":0},{"event_name":"Golden Wing","player_choice":"Card Removal","floor":4,"damage_taken":0},{"event_name":"Golden Idol","player_choice":"Lose Max HP","floor":12,"damage_taken":0},{"event_name":"The Library","player_choice":"Read","floor":19,"damage_taken":0},{"event_name":"The Mausoleum","player_choice":"No","floor":30,"damage_taken":0}],"boss_relics":[{"not_picked":["Mark of Pain","Snecko Eye"],"picked":"Eternal Feather"},{"not_picked":["White Beast Statue","Astrolabe"],"picked":"Velvet Choker"}],"potions_floor_spawned":[3,5,16,24,27,29,33,36,37,48],"seed_played":"2293853840210644365","is_trial":false}