{"path_per_floor":["M","$","M","?","M","R","E","T","T","?","R","E","M","M","R","B",null,"M","M","?","M","?","E","R","$","T","M","E","M","M","?","R","B",null,"M","?","?","M","M","R","E","M","T","E","M","R","$","M","R","B"],"character_chosen":"IRONCLAD","items_purchased":["Oddly Smooth Stone","Mummified Hand","Happy Flower"],"gold_per_floor":[109,34,46,46,59,59,94,117,165,193,193,218,237,247,247,345,345,358,370,285,298,298,324,324,78,103,121,146,165,182,107,107,204,204,219,219,219,236,250,250,280,298,380,409,425,425,35,53,53,53],"floor_reached":51,"campfire_rested":2,"playtime":2656,"current_hp_per_floor":[80,80,80,80,80,80,72,72,72,72,72,72,72,71,71,54,80,72,72,72,72,72,47,47,47,47,48,47,47,47,47,47,28,82,82,82,72,72,74,84,6,5,5,5,9,60,60,50,90,80],"items_purged":["Strike_R","Defend_R"],"gold":53,"play_id":"2c5c1c2e-7c37-4703-a4f1-827d6c87f83a","is_prod":false,"is_daily":false,"campfire_rituals":0,"campfire_upgraded":6,"is_hardmode":false,"path_taken":["M","$","M","?","M","R","E","?","T","?","R","E","M","M","R","BOSS","M","M","?","M","?","E","R","$","T","M","E","M","?","?","R","BOSS","M","?","?","M","M","R","E","M","T","E","M","R","$","M","R","BOSS"],"build_version":"2018-01-12-BETA1","purchased_purges":2,"victory":true,"master_deck":["Strike_R","Strike_R","Defend_R","Defend_R","Defend_R","Bash","Clothesline","Headbutt","Perfected Strike","Uppercut","Clothesline","Flame Barrier","Heavy Blade","Barricade","Ghostly Armor","Uppercut","Clothesline","Shockwave","Ghostly Armor","Heavy Blade","Demon Form","Dropkick","Madness","Madness","Ghostly Armor","Body Slam","Uppercut","Flame Barrier"],"max_hp_per_floor":[80,80,80,80,80,80,80,80,80,80,80,80,80,80,80,80,80,80,80,80,80,80,80,80,80,80,82,82,82,82,82,82,82,82,82,82,82,82,84,84,86,86,86,86,88,88,88,90,90,90],"relics":["Snecko Eye","Pen Nib","Art of War","Toxic Egg","Odd Mushroom","Torii","Black Star","Lantern","Singing Bowl","Whetstone","Oddly Smooth Stone","Prayer Wheel","Regal Pillow","Vajra","Eternal Feather","Peace Pipe","Du-Vu Doll","Mercury Hourglass","Blood Vial","Juzu Bracelet","Mummified Hand","Happy Flower"],"campfire_meditates":0,"card_choices":[{"not_picked":["Sentinel","Body Slam"],"picked":"Clothesline"},{"not_picked":["Thunderclap","Havoc"],"picked":"Headbutt"},{"not_picked":["Brutality","Headbutt"],"picked":"Perfected Strike"},{"not_picked":["Thunderclap","True Grit"],"picked":"Uppercut"},{"not_picked":["Entrench","Ghostly Armor"],"picked":"Clothesline"},{"not_picked":["Ghostly Armor","Perfected Strike"],"picked":"Flame Barrier"},{"not_picked":["Anger","Sentinel"],"picked":"Heavy Blade"},{"not_picked":["Double Tap","Berserk"],"picked":"Barricade"},{"not_picked":["Headbutt","Flex"],"picked":"Ghostly Armor"},{"not_picked":["Dual Wield","Carnage"],"picked":"Uppercut"},{"not_picked":["Sever Soul","Iron Wave"],"picked":"Clothesline"},{"not_picked":["Headbutt","Heavy Blade"],"picked":"Shockwave"},{"not_picked":["Clash","Searing Blow"],"picked":"Ghostly Armor"},{"not_picked":["Headbutt","Rampage"],"picked":"Heavy Blade"},{"not_picked":["Exhume","Dark Embrace"],"picked":"Demon Form"},{"not_picked":["Havoc","Pommel Strike"],"picked":"Dropkick"},{"not_picked":["Havoc","Rampage"],"picked":"Ghostly Armor"},{"not_picked":["Wild Strike","Burning Pact"],"picked":"Body Slam"},{"not_picked":["Exhume","Body Slam"],"picked":"Uppercut"},{"not_picked":["Body Slam","Pommel Strike"],"picked":"Flame Barrier"}],"player_experience":187091,"potions_floor_usage":[10,18,23,23,23,33,39,41,44,50],"damage_taken":[{"damage":0,"enemies":"2 Louse","floor":1,"turns":2},{"damage":0,"enemies":"Small Slimes","floor":3,"turns":2},{"damage":0,"enemies":"Jaw Worm","floor":5,"turns":2},{"damage":8,"enemies":"Lagavulin","floor":7,"turns":3},{"damage":0,"enemies":"The Mushroom Lair","floor":10,"turns":2},{"damage":0,"enemies":"Gremlin Nob","floor":12,"turns":2},{"damage":0,"enemies":"Exordium Thugs","floor":13,"turns":2},{"damage":1,"enemies":"3 Louse","floor":14,"turns":2},{"damage":17,"enemies":"The Guardian","floor":16,"turns":3},{"damage":8,"enemies":"Chosen","floor":18,"turns":3},{"damage":0,"enemies":"Shell Parasite","floor":19,"turns":3},{"damage":0,"enemies":"Centurion and Healer","floor":21,"turns":3},{"damage":25,"enemies":"Slavers","floor":23,"turns":7},{"damage":1,"enemies":"Slaver and Parasite","floor":27,"turns":4},{"damage":1,"enemies":"Book of Stabbing","floor":28,"turns":4},{"damage":0,"enemies":"3 Cultists","floor":29,"turns":3},{"damage":0,"enemies":"Centurion and Healer","floor":30,"turns":4},{"damage":19,"enemies":"Collector","floor":33,"turns":8},{"damage":0,"enemies":"3 Shapes","floor":35,"turns":4},{"damage":0,"enemies":"Orb Walker","floor":38,"turns":1},{"damage":0,"enemies":"Maw","floor":39,"turns":5},{"damage":80,"enemies":"2 Orb Walkers","floor":41,"turns":7},{"damage":1,"enemies":"3 Darklings","floor":42,"turns":5},{"damage":0,"enemies":"Nemesis","floor":44,"turns":4},{"damage":0,"enemies":"Spire Growth","floor":45,"turns":4},{"damage":14,"enemies":"4 Shapes","floor":48,"turns":5},{"damage":10,"enemies":"Awakened One","floor":50,"turns":9}],"event_choices":[{"event_name":"The Cleric","player_choice":"Leave","floor":4,"damage_taken":0},{"event_name":"Mushrooms","player_choice":"Fought Mushrooms","floor":10,"damage_taken":0},{"event_name":"Addict","player_choice":"Obtained Relic","floor":20,"damage_taken":0},{"event_name":"Bonfire Elementals","player_choice":"BASIC","floor":22,"damage_taken":0},{"event_name":"Beggar","player_choice":"Gave Gold","floor":31,"damage_taken":0},{"event_name":"Tomb of Lord Red Mask","player_choice":"Ignored","floor":36,"damage_taken":0},{"event_name":"Winding Halls","player_choice":"Embrace Madness","floor":37,"damage_taken":0}],"boss_relics":[{"not_picked":["Runic Cube","Cursed Key"],"picked":"Black Star"},{"not_picked":["Pandora\u0027s Box","Tiny House"],"picked":"Eternal Feather"}],"potions_floor_spawned":[1,3,5,13,18,21,28,33,38,41,42,44],"seed_played":"5028938608172472203","is_trial":false}