{"path_per_floor":["M","?","?","M","$","R","E","M","T","R","M","M","R","M","R","B",null,"M","$","M","M","$","R","E","R","T","R","?","?","?","M","R","B",null,"M","?","M","?","$","R","E","R","T","M","M","?","R","T","R","B"],"character_chosen":"IRONCLAD","items_purchased":["Kunai","Ornamental Fan"],"gold_per_floor":[113,113,113,131,56,56,87,108,154,154,179,194,194,207,207,333,333,358,17,38,58,58,58,97,97,173,173,173,373,298,311,311,408,408,420,420,430,480,113,113,148,148,148,160,172,472,472,472,472,472],"floor_reached":51,"campfire_rested":0,"playtime":2035,"current_hp_per_floor":[72,54,54,57,57,57,52,56,56,56,61,64,64,66,66,33,72,66,66,68,70,70,70,71,71,78,78,78,79,79,79,79,59,79,79,79,79,76,76,76,79,79,79,79,79,79,79,79,79,66],"items_purged":["Strike_R","Strike_R","Strike_R"],"gold":472,"play_id":"f88357df-1743-4a2c-a8db-86fa3d3426a2","is_prod":false,"is_daily":false,"campfire_rituals":0,"campfire_upgraded":10,"is_hardmode":false,"path_taken":["M","?","?","M","$","R","E","M","T","R","?","M","R","M","R","BOSS","M","$","M","M","$","R","E","R","T","R","?","?","?","M","R","BOSS","M","?","M","?","$","R","E","R","T","?","?","?","R","?","R","BOSS"],"build_version":"2018-01-17-BETA2","purchased_purges":3,"victory":true,"master_deck":["Strike_R","Defend_R","Defend_R","Defend_R","Defend_R","Bash","Headbutt","Flame Barrier","Dropkick","Offering","Heavy Blade","Uppercut","Heavy Blade","Whirlwind","Bludgeon","Flex","Bludgeon","Clothesline","Blood for Blood"],"max_hp_per_floor":[72,72,72,72,72,72,72,72,72,72,72,72,72,72,72,72,72,72,72,72,72,72,72,72,72,79,79,79,79,79,79,79,79,79,79,79,79,79,79,79,79,79,79,79,79,79,79,79,79,79],"relics":["Burning Blood","Champion Belt","Bloody Idol","Dream Catcher","Ancient Tea Set","Snecko Eye","Kunai","Matryoshka","Strawberry","Tiny Chest","Mark of Pain","Torii","Ornamental Fan","Girya","Blood Vial","Bottled Lightning","Ice Cream"],"campfire_meditates":0,"card_choices":[{"not_picked":["Flex","Twin Strike"],"picked":"Headbutt"},{"not_picked":["Blood for Blood","Twin Strike"],"picked":"Flame Barrier"},{"not_picked":["Heavy Blade","Iron Wave"],"picked":"Dropkick"},{"not_picked":["Feed","Brutality"],"picked":"Offering"},{"not_picked":["Sever Soul","Havoc"],"picked":"Heavy Blade"},{"not_picked":["Body Slam","Corruption"],"picked":"Uppercut"},{"not_picked":["Whirlwind","Wild Strike"],"picked":"Heavy Blade"},{"not_picked":["Rampage","Fire Breathing"],"picked":"Whirlwind"},{"not_picked":["Dark Embrace","Double Tap"],"picked":"Bludgeon"},{"not_picked":["Thunderclap","Seeing Red"],"picked":"Flex"},{"not_picked":["Pummel","Wild Strike"],"picked":"Clothesline"},{"not_picked":["Twin Strike","Spot Weakness"],"picked":"Blood for Blood"}],"player_experience":247645,"potions_floor_usage":[7,12,33,35,37,50],"damage_taken":[{"damage":3,"enemies":"Small Slimes","floor":1,"turns":3},{"damage":3,"enemies":"2 Louse","floor":4,"turns":3},{"damage":26,"enemies":"Lagavulin","floor":7,"turns":6},{"damage":2,"enemies":"Blue Slaver","floor":8,"turns":3},{"damage":1,"enemies":"2 Fungi Beasts","floor":11,"turns":3},{"damage":3,"enemies":"Gremlin Gang","floor":12,"turns":7},{"damage":4,"enemies":"Exordium Thugs","floor":14,"turns":4},{"damage":39,"enemies":"The Guardian","floor":16,"turns":10},{"damage":12,"enemies":"Spheric Guardian","floor":18,"turns":4},{"damage":4,"enemies":"2 Thieves","floor":20,"turns":3},{"damage":4,"enemies":"Slaver and Parasite","floor":21,"turns":4},{"damage":5,"enemies":"Book of Stabbing","floor":24,"turns":3},{"damage":4,"enemies":"3 Cultists","floor":31,"turns":3},{"damage":31,"enemies":"Automaton","floor":33,"turns":9},{"damage":4,"enemies":"Flame Bruiser 1 Orb","floor":35,"turns":4},{"damage":0,"enemies":"3 Shapes","floor":37,"turns":2},{"damage":14,"enemies":"Mysterious Sphere","floor":38,"turns":3},{"damage":4,"enemies":"2 Orb Walkers","floor":41,"turns":2},{"damage":4,"enemies":"Sphere and 2 Shapes","floor":44,"turns":3},{"damage":0,"enemies":"Flame Bruiser 2 Orb","floor":45,"turns":2},{"damage":19,"enemies":"Awakened One","floor":50,"turns":8}],"event_choices":[{"event_name":"Golden Idol","player_choice":"Take Damage","floor":2,"damage_taken":0},{"event_name":"The Lab","player_choice":"Got Potions","floor":3,"damage_taken":0},{"event_name":"Forgotten Altar","player_choice":"Gave Idol","floor":28,"damage_taken":0},{"event_name":"The Joust","player_choice":"Bet on Owner","floor":29,"damage_taken":0},{"event_name":"Beggar","player_choice":"Gave Gold","floor":30,"damage_taken":0},{"event_name":"Duplicator","player_choice":"One dupe","floor":36,"damage_taken":0},{"event_name":"Mysterious Sphere","player_choice":"Fight","floor":38,"damage_taken":0},{"event_name":"Wheel of Change","player_choice":"Gold","floor":46,"damage_taken":0}],"boss_relics":[{"not_picked":["Astrolabe","Runic Cube"],"picked":"Snecko Eye"},{"not_picked":["Black Blood","Orrery"],"picked":"Mark of Pain"}],"potions_floor_spawned":[7,8,16,18,31,33,35,44,45],"seed_played":"-8681725078772423464","is_trial":false}