{"path_per_floor":["M","M","M","?","$","R","M","E","T","R","M","M","E","M","R","B",null,"M","?","$","M","?","R","?","R","T","R","$","M","M","M","R","B",null,"M","?","$","T","?","R","M","R","T","R","M","M","$","M","R","B"],"character_chosen":"IRONCLAD","items_purchased":["True Grit","Bag of Preparation","Dodecahedron"],"gold_per_floor":[112,132,142,142,14,14,29,91,140,140,154,164,197,215,215,319,319,329,358,106,116,116,116,116,116,116,116,116,135,145,165,165,264,264,275,497,124,175,145,145,164,164,235,235,247,262,112,129,129,129],"floor_reached":51,"campfire_rested":2,"playtime":3942,"current_hp_per_floor":[80,78,72,65,65,65,64,48,48,48,41,40,23,23,23,10,87,87,51,51,35,35,35,35,35,35,61,61,31,31,31,57,53,87,87,87,87,87,87,87,87,87,87,87,87,87,87,87,87,87],"items_purged":["Strike_R","Defend_R","Defend_R","Defend_R"],"gold":129,"play_id":"f5257886-4908-410f-a02b-abd889729f8a","is_prod":false,"is_daily":false,"campfire_rituals":0,"campfire_upgraded":9,"is_hardmode":false,"path_taken":["M","M","M","?","$","R","M","E","T","R","M","M","E","M","R","BOSS","M","?","$","M","?","R","?","R","T","R","$","?","M","?","R","BOSS","M","?","$","?","?","R","M","R","T","R","M","M","$","?","R","BOSS"],"build_version":"2018-01-12-BETA1","purchased_purges":4,"victory":true,"master_deck":["Bash","Pommel Strike","Headbutt","True Grit","Clothesline","Seeing Red","Feel No Pain","Shrug It Off","Barricade","Sword Boomerang","Feel No Pain","Rage","Warcry","Evolve","True Grit","Seeing Red","Dropkick"],"max_hp_per_floor":[80,80,80,80,80,80,80,87,87,87,87,87,87,87,87,87,87,87,87,87,87,87,87,87,87,87,87,87,87,87,87,87,87,87,87,87,87,87,87,87,87,87,87,87,87,87,87,87,87,87],"relics":["Black Star","Strawberry","Tiny Chest","Bronze Scales","Gambling Chip","Frozen Eye","Astrolabe","Red Mask","Bag of Preparation","Sundial","Philosopher\u0027s Stone","Dodecahedron","Bag of Marbles","Bottled Flame"],"campfire_meditates":0,"card_choices":[{"not_picked":["Perfected Strike","Wild Strike"],"picked":"Pommel Strike"},{"not_picked":["Warcry","Carnage"],"picked":"Headbutt"},{"not_picked":["Pommel Strike","Cleave"],"picked":"Clothesline"},{"not_picked":["Warcry","Anger"],"picked":"Seeing Red"},{"not_picked":["Fire Breathing","Iron Wave"],"picked":"Feel No Pain"},{"not_picked":["Perfected Strike","Reaper"],"picked":"Shrug It Off"},{"not_picked":["Demon Form","Berserk"],"picked":"Barricade"},{"not_picked":["Clash","Reckless Charge"],"picked":"Warcry"},{"not_picked":["Iron Wave","Uppercut"],"picked":"Evolve"},{"not_picked":["Warcry","Shockwave"],"picked":"True Grit"},{"not_picked":["Clash","Exhume"],"picked":"Seeing Red"},{"not_picked":["Rampage","Body Slam"],"picked":"Dropkick"}],"player_experience":207293,"potions_floor_usage":[13,13,19],"damage_taken":[{"damage":0,"enemies":"Small Slimes","floor":1,"turns":4},{"damage":2,"enemies":"2 Louse","floor":2,"turns":3},{"damage":6,"enemies":"Jaw Worm","floor":3,"turns":3},{"damage":1,"enemies":"Looter","floor":7,"turns":3},{"damage":23,"enemies":"Gremlin Nob","floor":8,"turns":4},{"damage":7,"enemies":"Lots of Slimes","floor":11,"turns":4},{"damage":1,"enemies":"Exordium Thugs","floor":12,"turns":6},{"damage":17,"enemies":"3 Sentries","floor":13,"turns":4},{"damage":0,"enemies":"2 Fungi Beasts","floor":14,"turns":4},{"damage":13,"enemies":"The Guardian","floor":16,"turns":13},{"damage":0,"enemies":"Chosen","floor":18,"turns":7},{"damage":36,"enemies":"Masked Bandits","floor":19,"turns":8},{"damage":16,"enemies":"3 Byrds","floor":21,"turns":3},{"damage":30,"enemies":"Snake Plant","floor":29,"turns":6},{"damage":0,"enemies":"Centurion and Healer","floor":30,"turns":9},{"damage":0,"enemies":"Chosen and Byrds","floor":31,"turns":9},{"damage":4,"enemies":"Collector","floor":33,"turns":14},{"damage":0,"enemies":"Flame Bruiser 1 Orb","floor":35,"turns":8},{"damage":0,"enemies":"3 Darklings","floor":41,"turns":3},{"damage":0,"enemies":"Maw","floor":45,"turns":3},{"damage":0,"enemies":"4 Shapes","floor":46,"turns":4},{"damage":0,"enemies":"Flame Bruiser 2 Orb","floor":48,"turns":4},{"damage":0,"enemies":"Donu and Deca","floor":50,"turns":6}],"event_choices":[{"event_name":"Golden Wing","player_choice":"Card Removal","floor":4,"damage_taken":0},{"event_name":"Masked Bandits","player_choice":"Fought over 329 gold","floor":19,"damage_taken":0},{"event_name":"Purifier","player_choice":"One Purge","floor":22,"damage_taken":0},{"event_name":"Vampires","player_choice":"Ignored","floor":24,"damage_taken":0},{"event_name":"Tomb of Lord Red Mask","player_choice":"Wore Mask","floor":36,"damage_taken":0},{"event_name":"The Woman in Blue","player_choice":"Bought 2 Potions","floor":39,"damage_taken":0}],"boss_relics":[{"not_picked":["White Beast Statue","Eternal Feather"],"picked":"Astrolabe"},{"not_picked":["Pandora\u0027s Box","Snecko Eye"],"picked":"Philosopher\u0027s Stone"}],"potions_floor_spawned":[2,7,11,12,14,18,30,33,35,41,48],"seed_played":"2612920417681166538","is_trial":false}