{"path_per_floor":["M","$","?","?","?","R","E","M","T","E","M","R","M","E","R","B",null,"M","M","$","?","T","R","?","R","T","E","?","R","$","E","R","B",null,"M","?","$","M","?","R","E","R","T","R","M","M","R","M","R","B"],"character_chosen":"IRONCLAD","items_purchased":["Omamori","Shrug It Off","Battle Trance","Shockwave"],"gold_per_floor":[119,44,44,44,44,44,78,99,181,215,235,235,248,288,288,416,416,435,459,248,173,173,173,373,373,373,404,404,404,298,329,329,455,455,473,473,396,412,412,412,456,456,456,456,479,495,495,518,518,518],"floor_reached":51,"campfire_rested":0,"playtime":1988,"current_hp_per_floor":[80,80,74,74,67,67,73,74,74,61,63,63,64,51,51,33,74,74,74,74,74,74,74,74,74,74,74,58,58,58,64,64,74,74,74,74,74,74,74,74,73,73,73,73,74,74,74,74,74,69],"items_purged":["Strike_R","True Grit","Strike_R","Defend_R"],"gold":518,"play_id":"0076003d-2145-4b74-b1b0-277646e92584","is_prod":false,"is_daily":false,"campfire_rituals":0,"campfire_upgraded":12,"is_hardmode":false,"path_taken":["M","$","?","?","?","R","E","M","T","E","M","R","?","E","R","BOSS","M","M","$","?","?","R","?","R","T","E","?","R","$","E","R","BOSS","M","?","$","?","?","R","E","R","T","R","M","M","R","M","R","BOSS"],"build_version":"2018-01-21-BETA1","purchased_purges":4,"victory":true,"master_deck":["Strike_R","Defend_R","Defend_R","Defend_R","Bash","Impervious","Searing Blow","Disarm","Shrug It Off","Barricade","True Grit","Shrug It Off","Battle Trance","Offering","Impervious","Armaments","Searing Blow","Shockwave"],"max_hp_per_floor":[80,80,74,74,74,74,74,74,74,74,74,74,74,74,74,74,74,74,74,74,74,74,74,74,74,74,74,74,74,74,74,74,74,74,74,74,74,74,74,74,74,74,74,74,74,74,74,74,74,74],"relics":["Burning Blood","NeowsBlessing","Golden Idol","Smiling Mask","Letter Opener","Whetstone","The Courier","Snecko Eye","Omamori","Girya","Shuriken","Ancient Tea Set","Enchiridion","Pantograph","Philosopher\u0027s Stone","Gremlin Horn","Dream Catcher"],"campfire_meditates":0,"card_choices":[{"not_picked":["Wild Strike","Intimidate"],"picked":"Impervious"},{"not_picked":["Pommel Strike","Feel No Pain"],"picked":"Searing Blow"},{"not_picked":["Dropkick","Burning Pact"],"picked":"Disarm"},{"not_picked":["Wild Strike","Cleave"],"picked":"Shrug It Off"},{"not_picked":["Heavy Blade","Rampage"],"picked":"True Grit"},{"not_picked":["Dark Embrace","Immolate"],"picked":"Barricade"},{"not_picked":["Havoc","Wild Strike"],"picked":"True Grit"},{"not_picked":["Pommel Strike","Armaments"],"picked":"Offering"},{"not_picked":["Exhume","Immolate"],"picked":"Impervious"},{"not_picked":["Clothesline","Reckless Charge"],"picked":"Armaments"}],"player_experience":289812,"potions_floor_usage":[10,27,41],"damage_taken":[{"damage":0,"enemies":"Small Slimes","floor":1,"turns":1},{"damage":0,"enemies":"3 Sentries","floor":7,"turns":2},{"damage":0,"enemies":"Cultist","floor":8,"turns":1},{"damage":19,"enemies":"Gremlin Nob","floor":10,"turns":4},{"damage":4,"enemies":"Blue Slaver","floor":11,"turns":4},{"damage":5,"enemies":"3 Louse","floor":13,"turns":4},{"damage":19,"enemies":"3 Sentries","floor":14,"turns":7},{"damage":24,"enemies":"The Guardian","floor":16,"turns":10},{"damage":0,"enemies":"Spheric Guardian","floor":18,"turns":4},{"damage":2,"enemies":"3 Byrds","floor":19,"turns":6},{"damage":0,"enemies":"Slavers","floor":27,"turns":5},{"damage":0,"enemies":"Gremlin Leader","floor":31,"turns":6},{"damage":4,"enemies":"Collector","floor":33,"turns":8},{"damage":0,"enemies":"Flame Bruiser 1 Orb","floor":35,"turns":3},{"damage":4,"enemies":"3 Shapes","floor":38,"turns":3},{"damage":7,"enemies":"2 Orb Walkers","floor":41,"turns":4},{"damage":0,"enemies":"Flame Bruiser 2 Orb","floor":45,"turns":2},{"damage":0,"enemies":"3 Darklings","floor":46,"turns":2},{"damage":0,"enemies":"Spire Growth","floor":48,"turns":2},{"damage":11,"enemies":"Donu and Deca","floor":50,"turns":5}],"event_choices":[{"event_name":"Golden Idol","player_choice":"Lose Max HP","floor":3,"damage_taken":0},{"event_name":"Accursed Blacksmith","player_choice":"Forge","floor":4,"damage_taken":0},{"event_name":"Golden Wing","player_choice":"Card Removal","floor":5,"damage_taken":0},{"event_name":"Beggar","player_choice":"Gave Gold","floor":21,"damage_taken":0},{"event_name":"Wheel of Change","player_choice":"Gold","floor":24,"damage_taken":0},{"event_name":"Cursed Tome","player_choice":"Obtained Book","floor":28,"damage_taken":0},{"event_name":"Duplicator","player_choice":"One dupe","floor":36,"damage_taken":0},{"event_name":"Tomb of Lord Red Mask","player_choice":"Ignored","floor":39,"damage_taken":0}],"boss_relics":[{"not_picked":["Black Star","Astrolabe"],"picked":"Snecko Eye"},{"not_picked":["Calling Bell","Velvet Choker"],"picked":"Philosopher\u0027s Stone"}],"potions_floor_spawned":[8,11,14,27,33,38,41,45,48],"seed_played":"-3437066346328433986","is_trial":false}