{"path_per_floor":["M","?","M","M","?","R","?","R","T","E","$","?","R","$","R","B",null,"M","?","?","?","?","R","?","$","T","M","R","E","M","?","R","B",null,"M","?","$","?","?","R","M","R","T","M","?","$","R","?","R","B"],"character_chosen":"IRONCLAD","items_purchased":["Corruption","Shrug It Off","Happy Flower","Shrug It Off"],"gold_per_floor":[109,109,129,146,146,146,146,146,146,178,12,67,67,67,67,144,144,156,81,81,31,58,58,58,58,58,69,69,134,153,153,153,226,226,242,242,96,96,76,76,94,94,94,104,104,57,57,57,57,57],"floor_reached":51,"campfire_rested":3,"playtime":2423,"current_hp_per_floor":[74,72,72,72,72,72,67,67,67,41,41,44,44,44,65,20,59,65,65,44,44,46,46,46,46,46,46,46,51,57,48,69,35,63,63,63,63,63,63,63,66,66,66,72,58,58,58,58,75,65],"items_purged":["Strike_R"],"gold":57,"score":894,"play_id":"181646bf-8116-496b-b7d6-830c8f0f8527","is_prod":false,"is_daily":false,"is_ascension_mode":true,"campfire_upgraded":8,"path_taken":["M","?","?","?","?","R","?","R","T","E","$","?","R","?","R","BOSS","M","?","?","?","?","R","?","$","T","M","R","E","M","?","R","BOSS","M","?","$","?","?","R","M","R","T","M","?","$","R","?","R","BOSS"],"build_version":"2018-02-08-BETA1","purchased_purges":1,"victory":true,"master_deck":["Bash+1","Flex+1","Corruption+1","Shrug It Off+1","Pommel Strike","Fiend Fire+1","Disarm+1","Barricade+1","Uppercut","Clumsy","True Grit+1","Double Tap","Flex","Flex","Flame Barrier","Burning Pact","Burning Pact","Headbutt","Flex","Iron Wave+1","Burning Pact+1","Regret","Madness","Madness","Shrug It Off"],"max_hp_per_floor":[75,72,72,72,72,72,72,72,72,72,72,72,72,72,72,72,72,72,72,72,72,72,72,72,72,72,72,72,72,72,72,72,72,72,72,72,72,72,72,72,75,75,75,75,75,75,75,75,75,75],"relics":["Burning Blood","NeowsBlessing","Lantern","Dead Branch","Meat on the Bone","Juzu Bracelet","Cursed Key","Enchiridion","Red Mask","Champion Belt","Tiny Chest","Pandora\u0027s Box","Happy Flower","Centennial Puzzle"],"card_choices":[{"not_picked":["Clash","Headbutt"],"picked":"Flex"},{"not_picked":["Combust","Wild Strike"],"picked":"Twin Strike"},{"not_picked":["Evolve","Perfected Strike"],"picked":"Pommel Strike"},{"not_picked":["Brutality","Double Tap"],"picked":"Fiend Fire"},{"not_picked":["Thunderclap","Warcry"],"picked":"Disarm"},{"not_picked":["Sword Boomerang","Iron Wave"],"picked":"True Grit"},{"not_picked":["Demon Form","Berserk"],"picked":"Double Tap"},{"not_picked":["Rupture","Uppercut"],"picked":"Iron Wave"},{"not_picked":["True Grit","Heavy Blade"],"picked":"Burning Pact"}],"player_experience":523414,"potions_floor_usage":[12,16,16],"damage_taken":[{"damage":0,"enemies":"Jaw Worm","floor":1,"turns":1},{"damage":0,"enemies":"Blue Slaver","floor":3,"turns":1},{"damage":0,"enemies":"Cultist","floor":4,"turns":1},{"damage":32,"enemies":"Gremlin Nob","floor":10,"turns":4},{"damage":15,"enemies":"3 Sentries","floor":12,"turns":7},{"damage":63,"enemies":"Slime Boss","floor":16,"turns":9},{"damage":0,"enemies":"Spheric Guardian","floor":18,"turns":1},{"damage":4,"enemies":"Masked Bandits","floor":22,"turns":3},{"damage":6,"enemies":"3 Byrds","floor":27,"turns":5},{"damage":13,"enemies":"Book of Stabbing","floor":29,"turns":6},{"damage":0,"enemies":"Slaver and Parasite","floor":30,"turns":2},{"damage":52,"enemies":"Collector","floor":33,"turns":8},{"damage":6,"enemies":"3 Darklings","floor":35,"turns":3},{"damage":6,"enemies":"3 Shapes","floor":41,"turns":3},{"damage":0,"enemies":"Flame Bruiser 2 Orb","floor":44,"turns":4},{"damage":16,"enemies":"Time Eater","floor":50,"turns":6}],"event_choices":[{"event_name":"Wheel of Change","player_choice":"Card Removal","floor":2,"damage_taken":0},{"event_name":"Liars Game","player_choice":"disagreed","floor":5,"damage_taken":0},{"event_name":"Scrap Ooze","player_choice":"success","floor":7,"damage_taken":5},{"event_name":"Dead Adventurer","player_choice":"Searched \u00272\u0027 times","floor":12,"damage_taken":0},{"event_name":"Beggar","player_choice":"Gave Gold","floor":19,"damage_taken":0},{"event_name":"Cursed Tome","player_choice":"Obtained Book","floor":20,"damage_taken":0},{"event_name":"The Joust","player_choice":"Bet on Owner","floor":21,"damage_taken":0},{"event_name":"Masked Bandits","player_choice":"Fought over 31 gold","floor":22,"damage_taken":0},{"event_name":"Match and Keep!","player_choice":"2 cards matched","floor":24,"damage_taken":0},{"event_name":"Knowing Skull","player_choice":"","floor":31,"damage_taken":0},{"event_name":"Tomb of Lord Red Mask","player_choice":"Ignored","floor":36,"damage_taken":0},{"event_name":"The Woman in Blue","player_choice":"Bought 1 Potion","floor":39,"damage_taken":0},{"event_name":"Winding Halls","player_choice":"Embrace Madness","floor":45,"damage_taken":0},{"event_name":"Mysterious Sphere","player_choice":"Ignore","floor":48,"damage_taken":0}],"boss_relics":[{"not_picked":["White Beast Statue","Runic Pyramid"],"picked":"Cursed Key"},{"not_picked":["Runic Dome","Eternal Feather"],"picked":"Pandora\u0027s Box"}],"potions_floor_spawned":[10,12,12,18,29,41],"seed_played":"-2090345563187087716","ascension_level":15,"is_trial":false}