{"path_per_floor":["M","?","M","?","$","R","E","M","T","E","R","?","R","M","R","B",null,"M","$","M","?","M","E","?","?","T","R","M","M","R","?","R"],"character_chosen":"IRONCLAD","items_purchased":["Whetstone"],"gold_per_floor":[20,20,43,43,43,43,79,97,121,162,162,162,162,175,175,296,296,315,94,114,39,53,96,96,96,96,96,119,142,142,142,142],"floor_reached":33,"campfire_rested":1,"playtime":1710,"current_hp_per_floor":[75,74,74,74,74,74,59,65,65,51,51,44,44,52,52,25,66,72,72,62,62,68,37,37,37,37,61,69,66,66,66,66],"items_purged":["Strike_R"],"gold":142,"score":396,"play_id":"139e002b-d7b2-4452-89b0-cdf0ccb48df5","is_prod":false,"is_daily":false,"is_ascension_mode":true,"campfire_upgraded":6,"path_taken":["M","?","?","?","$","R","E","M","T","E","R","?","R","M","R","BOSS","M","$","M","?","M","E","?","?","T","R","M","M","R","?","R","BOSS"],"build_version":"2018-02-08-BETA1","purchased_purges":1,"victory":false,"master_deck":["Strike_R","Strike_R+1","Defend_R","Defend_R","Defend_R","Bash+1","Intimidate+1","Rampage+1","Battle Trance","Second Wind+1","Feel No Pain+1","Cleave+1","Offering","Thunderclap+1","Burning Pact+1","Inflame+1","Disarm+1","Normality"],"max_hp_per_floor":[80,74,74,74,74,74,74,74,74,77,77,77,77,77,77,80,80,80,80,80,80,80,80,80,80,80,80,80,80,80,80,80],"relics":["Black Blood","Dead Branch","Golden Idol","Ornamental Fan","Anchor","Blood Vial","Whetstone","Juzu Bracelet","Frozen Eye","Self Forming Clay"],"card_choices":[{"not_picked":["Headbutt","Clothesline"],"picked":"Intimidate"},{"not_picked":["Flex","Dropkick"],"picked":"Rampage"},{"not_picked":["Flex","Cleave"],"picked":"Battle Trance"},{"not_picked":["Heavy Blade","Body Slam"],"picked":"Second Wind"},{"not_picked":["Brutality","Entrench"],"picked":"Feel No Pain"},{"not_picked":["True Grit","Pommel Strike"],"picked":"Cleave"},{"not_picked":["Brutality","Double Tap"],"picked":"Offering"},{"not_picked":["Armaments","Clash"],"picked":"Thunderclap"},{"not_picked":["Twin Strike","Cleave"],"picked":"Burning Pact"},{"not_picked":["Perfected Strike","Anger"],"picked":"Inflame"},{"not_picked":["Pommel Strike","Second Wind"],"picked":"Disarm"}],"player_experience":469960,"potions_floor_usage":[7,16,18,29,33],"damage_taken":[{"damage":3,"enemies":"Jaw Worm","floor":1,"turns":5},{"damage":0,"enemies":"2 Louse","floor":3,"turns":3},{"damage":21,"enemies":"Lagavulin","floor":7,"turns":5},{"damage":0,"enemies":"Small Slimes","floor":8,"turns":3},{"damage":23,"enemies":"3 Sentries","floor":10,"turns":7},{"damage":0,"enemies":"Red Slaver","floor":14,"turns":2},{"damage":38,"enemies":"Slime Boss","floor":16,"turns":8},{"damage":6,"enemies":"2 Thieves","floor":18,"turns":3},{"damage":22,"enemies":"Spheric Guardian","floor":20,"turns":4},{"damage":6,"enemies":"Snake Plant","floor":22,"turns":5},{"damage":43,"enemies":"Gremlin Leader","floor":23,"turns":11},{"damage":4,"enemies":"Cultist and Chosen","floor":28,"turns":6},{"damage":15,"enemies":"Centurion and Healer","floor":29,"turns":4},{"damage":82,"enemies":"Collector","floor":33,"turns":7}],"event_choices":[{"event_name":"Golden Idol","player_choice":"Lose Max HP","floor":2,"damage_taken":0},{"event_name":"The Cleric","player_choice":"Leave","floor":4,"damage_taken":0},{"event_name":"Golden Wing","player_choice":"Card Removal","floor":12,"damage_taken":0},{"event_name":"Beggar","player_choice":"Gave Gold","floor":21,"damage_taken":0},{"event_name":"Back to Basics","player_choice":"Elegance","floor":24,"damage_taken":0},{"event_name":"Drug Dealer","player_choice":"Ignored","floor":25,"damage_taken":0},{"event_name":"Accursed Blacksmith","player_choice":"Rummage","floor":31,"damage_taken":0}],"boss_relics":[{"not_picked":["Question Card","Lizard Tail"],"picked":"Black Blood"}],"potions_floor_spawned":[1,7,16,18,28,29],"seed_played":"3549914082159726086","killed_by":"Collector","ascension_level":9,"is_trial":false}