{"path_per_floor":["M","M","T","M","$","R","M","R","T","R","?","T","R","M","R","B",null,"M","?","M","$","M","R","E","M","T","M","R","$","?","M","R","B",null,"M","?","M","M","?","E","M","M","T","R","?","M","?","M","R","B"],"character_chosen":"IRONCLAD","items_purchased":["Shrug It Off"],"gold_per_floor":[115,130,130,145,70,70,85,85,139,139,139,139,139,154,154,258,258,270,270,290,140,153,153,186,203,203,216,216,91,61,79,79,183,183,193,193,211,228,228,256,271,289,589,589,589,605,0,18,18,18],"floor_reached":51,"campfire_rested":0,"playtime":2073,"current_hp_per_floor":[45,51,51,52,52,52,49,49,49,49,49,49,49,51,51,22,80,80,80,80,80,64,64,50,72,72,74,74,74,74,80,80,77,80,80,70,72,73,73,65,58,60,60,60,80,80,80,80,80,35],"items_purged":["Strike_R","Strike_R","Strike_R"],"gold":18,"score":541,"play_id":"fe8a584a-e08c-4bba-8682-867ac6cf24b2","is_prod":false,"is_daily":false,"is_ascension_mode":false,"campfire_upgraded":9,"path_taken":["M","M","?","M","$","R","M","R","T","R","?","?","R","M","R","BOSS","M","?","M","$","M","R","E","M","T","M","R","?","?","M","R","BOSS","M","?","M","?","?","E","M","M","T","R","?","?","?","M","R","BOSS"],"build_version":"2018-02-16-BETA2","purchased_purges":3,"victory":true,"master_deck":["Defend_R","Defend_R","Defend_R","Bash+1","Offering+1","Cleave+1","Body Slam+1","Reaper","Madness+1","Twin Strike","Shrug It Off","Pommel Strike+1","Ghostly Armor","Shockwave+1","Sword Boomerang+1","Double Tap+1","Flex+1","Madness+1","Warcry+1","Clash+1","Ghostly Armor","True Grit+1","Inflame"],"max_hp_per_floor":[80,80,80,80,80,80,80,80,80,80,80,80,80,80,80,80,80,80,80,80,80,80,80,80,80,80,80,80,80,80,80,80,80,80,80,80,80,80,80,80,80,80,80,80,80,80,80,80,80,80],"relics":["Burning Blood","Toolbox","Anchor","Sundial","Runic Dome","Champion Belt","Peace Pipe","Sozu","Paper Frog","Old Coin","Red Mask"],"card_choices":[{"not_picked":["Clash","Warcry"],"picked":"Offering"},{"not_picked":["Wild Strike","Sword Boomerang"],"picked":"Cleave"},{"not_picked":["Perfected Strike","Iron Wave"],"picked":"Body Slam"},{"not_picked":["Sword Boomerang","Pommel Strike"],"picked":"Flex"},{"not_picked":["Juggernaut","Berserk"],"picked":"Reaper"},{"not_picked":["Thunderclap","Burning Pact"],"picked":"Twin Strike"},{"not_picked":["Heavy Blade","Havoc"],"picked":"Pommel Strike"},{"not_picked":["Hemokinesis","Flame Barrier"],"picked":"Ghostly Armor"},{"not_picked":["Cleave","Body Slam"],"picked":"Shockwave"},{"not_picked":["Warcry","Corruption"],"picked":"Sword Boomerang"},{"not_picked":["Juggernaut","Demon Form"],"picked":"Double Tap"},{"not_picked":["Heavy Blade","Hemokinesis"],"picked":"Flex"},{"not_picked":["Perfected Strike","Armaments"],"picked":"Warcry"},{"not_picked":["Clothesline","Perfected Strike"],"picked":"Clash"},{"not_picked":["Iron Wave","Wild Strike"],"picked":"Ghostly Armor"},{"not_picked":["Metallicize","Headbutt"],"picked":"True Grit"},{"not_picked":["Blood for Blood","Corruption"],"picked":"Inflame"}],"player_experience":716513,"potions_floor_usage":[25,33],"damage_taken":[{"damage":1,"enemies":"Cultist","floor":1,"turns":4},{"damage":0,"enemies":"2 Louse","floor":2,"turns":3},{"damage":5,"enemies":"Jaw Worm","floor":4,"turns":3},{"damage":9,"enemies":"Large Slime","floor":7,"turns":5},{"damage":4,"enemies":"Lots of Slimes","floor":14,"turns":1},{"damage":35,"enemies":"Hexaghost","floor":16,"turns":8},{"damage":4,"enemies":"Shell Parasite","floor":18,"turns":2},{"damage":4,"enemies":"2 Thieves","floor":20,"turns":3},{"damage":26,"enemies":"Cultist and Chosen","floor":22,"turns":7},{"damage":20,"enemies":"Book of Stabbing","floor":24,"turns":4},{"damage":4,"enemies":"Chosen and Byrds","floor":25,"turns":2},{"damage":4,"enemies":"Snake Plant","floor":27,"turns":3},{"damage":4,"enemies":"3 Cultists","floor":31,"turns":2},{"damage":9,"enemies":"Collector","floor":33,"turns":4},{"damage":6,"enemies":"3 Shapes","floor":35,"turns":3},{"damage":4,"enemies":"Flame Bruiser 1 Orb","floor":37,"turns":3},{"damage":13,"enemies":"3 Darklings","floor":38,"turns":3},{"damage":26,"enemies":"2 Orb Walkers","floor":40,"turns":5},{"damage":20,"enemies":"Spire Growth","floor":41,"turns":4},{"damage":4,"enemies":"Flame Bruiser 2 Orb","floor":42,"turns":1},{"damage":4,"enemies":"Maw","floor":46,"turns":4},{"damage":4,"enemies":"4 Shapes","floor":48,"turns":3},{"damage":63,"enemies":"Donu and Deca","floor":50,"turns":9}],"event_choices":[{"event_name":"Liars Game","player_choice":"disagreed","floor":11,"damage_taken":0},{"event_name":"Match and Keep!","player_choice":"1 cards matched","floor":19,"damage_taken":0},{"event_name":"The Woman in Blue","player_choice":"Bought 2 Potions","floor":30,"damage_taken":0},{"event_name":"Winding Halls","player_choice":"Embrace Madness","floor":36,"damage_taken":0},{"event_name":"Bonfire Elementals","player_choice":"UNCOMMON","floor":45,"damage_taken":0},{"event_name":"Tomb of Lord Red Mask","player_choice":"Paid","floor":47,"damage_taken":0}],"boss_relics":[{"not_picked":["Lizard Tail","Cursed Key"],"picked":"Runic Dome"},{"not_picked":["Tiny House","Question Card"],"picked":"Sozu"}],"potions_floor_spawned":[16,24,27,40,41,42,46],"seed_played":"2010559780945732335","ascension_level":0,"is_trial":false}