{"path_per_floor":["M","?","M","$","?","R","?","?","T","M","R","M","R","E","R","B",null,"M","M","?","M","$","R","E","R","T","?","?","R","$","M","R"],"character_chosen":"THE_SILENT","items_purchased":["Shovel","Poisoned Stab"],"gold_per_floor":[110,110,128,128,128,128,128,128,128,144,144,162,162,187,187,283,283,296,313,313,331,19,19,46,46,46,46,46,46,22,39,39],"floor_reached":33,"campfire_rested":3,"playtime":1766,"current_hp_per_floor":[68,54,48,48,48,69,69,69,69,65,65,65,65,71,71,32,77,77,75,66,51,51,51,11,36,36,36,36,36,36,38,63],"items_purged":[],"gold":39,"play_id":"ca226e62-f563-4e58-ae1f-a630caa5688c","is_prod":false,"is_daily":false,"is_ascension_mode":true,"campfire_upgraded":3,"path_taken":["M","?","M","$","?","R","?","?","T","M","R","?","R","E","R","BOSS","M","M","?","M","$","R","E","R","T","?","?","R","?","M","R","BOSS"],"build_version":"2018-01-25-PROD3","purchased_purges":0,"victory":false,"master_deck":["Defend_G+1","Defend_G","Defend_G","Defend_G","Defend_G","Strike_G","Strike_G","Strike_G","Strike_G","Strike_G","Survivor","Neutralize+1","Corpse Explosion+1","Backflip","Sucker Punch+1","Doppelganger","Poisoned Stab+1","Adrenaline","Escape Plan+1","Poisoned Stab"],"max_hp_per_floor":[70,70,70,70,70,70,70,70,70,70,70,70,70,77,77,77,77,77,77,82,82,82,82,84,84,84,84,84,84,84,86,86],"relics":["Ring of the Snake","Happy Flower","Ice Cream","Strawberry","Sozu","Shovel","Lantern","Singing Bowl","Vajra","Snake Skull"],"card_choices":[{"not_picked":["Quick Slash","Acrobatics"],"picked":"Backflip"},{"not_picked":["Flechettes","Blade Dance"],"picked":"Sucker Punch"},{"not_picked":["Skewer","Outmaneuver"],"picked":"Doppelganger"},{"not_picked":["Dagger Spray","Deadly Poison"],"picked":"Poisoned Stab"},{"not_picked":["Storm of Steel","Venomology"],"picked":"Adrenaline"},{"not_picked":["Flying Knee","Dodge and Roll"],"picked":"Escape Plan"}],"player_experience":65593,"potions_floor_usage":[14],"damage_taken":[{"damage":2,"enemies":"2 Louse","floor":1,"turns":4},{"damage":6,"enemies":"Small Slimes","floor":3,"turns":3},{"damage":4,"enemies":"Cultist","floor":10,"turns":5},{"damage":0,"enemies":"Looter","floor":12,"turns":3},{"damage":1,"enemies":"Lagavulin","floor":14,"turns":9},{"damage":39,"enemies":"Slime Boss","floor":16,"turns":11},{"damage":0,"enemies":"Chosen","floor":18,"turns":4},{"damage":2,"enemies":"Spheric Guardian","floor":19,"turns":5},{"damage":15,"enemies":"Snake Plant","floor":21,"turns":7},{"damage":42,"enemies":"Slavers","floor":24,"turns":10},{"damage":0,"enemies":"Chosen and Byrds","floor":31,"turns":5},{"damage":76,"enemies":"Collector","floor":33,"turns":10}],"event_choices":[{"event_name":"Shining Light","player_choice":"Entered Light","floor":2,"damage_taken":0},{"event_name":"Big Fish","player_choice":"Box","floor":5,"damage_taken":0},{"event_name":"Dead Adventurer","player_choice":"Searched \u00270\u0027 times","floor":7,"damage_taken":0},{"event_name":"Living Wall","player_choice":"Forget","floor":8,"damage_taken":0},{"event_name":"Forgotten Altar","player_choice":"Shed Blood","floor":20,"damage_taken":0},{"event_name":"Drug Dealer","player_choice":"Ignored","floor":27,"damage_taken":0},{"event_name":"Beggar","player_choice":"Ignored","floor":28,"damage_taken":0}],"boss_relics":[{"not_picked":["Ectoplasm","Runic Pyramid"],"picked":"Sozu"}],"potions_floor_spawned":[10,12,14,16,18,21],"seed_played":"-6256977762584325422","killed_by":"Collector","ascension_level":1,"is_trial":false}