{"path_per_floor":["M","?","$","$","T","R","$","M","T","M","M","M","M","M","R","B",null,"M","M","?","M","?"],"character_chosen":"THE_SILENT","items_purchased":["Noxious Fumes","Slice"],"gold_per_floor":[117,192,117,42,68,68,16,32,32,45,65,85,100,66,66,162,162,146,157,157,173,173],"floor_reached":23,"campfire_rested":0,"playtime":1977,"current_hp_per_floor":[70,59,59,59,59,59,59,59,59,61,53,54,56,51,51,17,70,67,67,67,69,56],"items_purged":["Defend_G"],"gold":173,"score":185,"play_id":"a4214fb1-0aff-484b-8f4d-663b6f142600","is_prod":false,"is_daily":false,"is_ascension_mode":false,"campfire_upgraded":2,"path_taken":["M","?","?","$","?","R","?","M","T","M","?","M","M","?","R","BOSS","M","M","?","M","?","E"],"build_version":"2018-02-15-PROD1","purchased_purges":1,"victory":false,"master_deck":["Defend_G","Defend_G","Defend_G","Defend_G","Strike_G","Strike_G","Strike_G","Strike_G","Strike_G","Survivor","Neutralize","Acrobatics+1","Noxious Fumes","Slice","Dodge and Roll","Blur+1","Leg Sweep","Deadly Poison","Prepared","Footwork","Burst+1","Prepared","Well Laid Plans+1"],"max_hp_per_floor":[70,70,70,70,70,70,70,70,70,70,70,70,70,70,70,70,70,70,70,70,70,75],"relics":["Ring of the Snake","NeowsBlessing","Ancient Tea Set","Blood Vial","Cursed Key"],"card_choices":[{"not_picked":["Heel Hook","Outmaneuver"],"picked":"Acrobatics"},{"not_picked":["Expertise","Bane"],"picked":"Dodge and Roll"},{"not_picked":["Flechettes","Choke"],"picked":"Blur"},{"not_picked":["Sucker Punch","Catalyst"],"picked":"Leg Sweep"},{"not_picked":["Sucker Punch","Slice"],"picked":"Deadly Poison"},{"not_picked":["Envenom","Dash"],"picked":"Prepared"},{"not_picked":["Backflip","Dagger Spray"],"picked":"Footwork"},{"not_picked":["Venomology","Glass Knife"],"picked":"Burst"},{"not_picked":["Acrobatics","Quick Slash"],"picked":"Prepared"},{"not_picked":["All Out Attack","Predator"],"picked":"Well Laid Plans"}],"player_experience":30654,"potions_floor_usage":[16,16,16],"damage_taken":[{"damage":0,"enemies":"Cultist","floor":1,"turns":1},{"damage":0,"enemies":"Small Slimes","floor":8,"turns":1},{"damage":0,"enemies":"2 Louse","floor":10,"turns":1},{"damage":10,"enemies":"Exordium Thugs","floor":11,"turns":8},{"damage":1,"enemies":"Exordium Wildlife","floor":12,"turns":8},{"damage":0,"enemies":"Blue Slaver","floor":13,"turns":5},{"damage":7,"enemies":"Exordium Thugs","floor":14,"turns":5},{"damage":36,"enemies":"Hexaghost","floor":16,"turns":14},{"damage":3,"enemies":"2 Thieves","floor":18,"turns":5},{"damage":2,"enemies":"Shell Parasite","floor":19,"turns":7},{"damage":0,"enemies":"Snake Plant","floor":21,"turns":8},{"damage":59,"enemies":"Gremlin Leader","floor":23,"turns":10}],"event_choices":[{"event_name":"World of Goop","player_choice":"Gather Gold","floor":2,"damage_taken":0},{"event_name":"Upgrade Shrine","player_choice":"Upgraded","floor":20,"damage_taken":0},{"event_name":"Forgotten Altar","player_choice":"Shed Blood","floor":22,"damage_taken":0}],"boss_relics":[{"not_picked":["Black Star","Ectoplasm"],"picked":"Cursed Key"}],"potions_floor_spawned":[1,13,14],"seed_played":"3690882974163166926","killed_by":"Gremlin Leader","ascension_level":0,"is_trial":false}