{"path_per_floor":["M","M","M","M","?","M","E","R","T","E","M","?","?","E","R"],"character_chosen":"THE_SILENT","items_purchased":[],"gold_per_floor":[114,125,139,158,158,172,201,201,225,251,262,362,362,392,392],"floor_reached":16,"campfire_rested":1,"playtime":1330,"current_hp_per_floor":[68,66,65,64,50,50,65,65,65,46,44,44,37,37,58],"items_purged":[],"gold":392,"score":172,"play_id":"c9699c2f-ce36-4724-aacd-b3c1a24f15b4","is_prod":false,"is_daily":false,"is_ascension_mode":false,"campfire_upgraded":1,"path_taken":["M","M","M","M","?","M","E","R","T","E","M","?","?","E","R","BOSS"],"build_version":"2018-02-15-PROD1","purchased_purges":0,"victory":false,"master_deck":["Defend_G+1","Defend_G","Defend_G","Defend_G","Defend_G","Strike_G","Strike_G+1","Strike_G","Survivor","Neutralize","Escape Plan","Flying Knee","Backstab","Expertise+1","Deadly Poison","Deadly Poison","Deadly Poison"],"max_hp_per_floor":[70,70,70,70,70,70,70,70,70,70,70,70,70,70,70],"relics":["Ring of the Snake","Bottled Lightning","Happy Flower","Prayer Wheel","Ancient Tea Set"],"card_choices":[{"not_picked":["Endless Agony","Poisoned Stab"],"picked":"Escape Plan"},{"not_picked":["Slice","Leg Sweep"],"picked":"Flying Knee"},{"not_picked":["Poisoned Stab","Dodge and Roll"],"picked":"Backstab"},{"not_picked":["Doppelganger","Prepared"],"picked":"Expertise"},{"not_picked":["Bane","Well Laid Plans"],"picked":"Deadly Poison"},{"not_picked":["Dagger Throw","Deflect"],"picked":"Deadly Poison"},{"not_picked":["All Out Attack","Prepared"],"picked":"Deadly Poison"}],"player_experience":32631,"potions_floor_usage":[7,7,10,14,16],"damage_taken":[{"damage":2,"enemies":"Small Slimes","floor":1,"turns":5},{"damage":2,"enemies":"2 Louse","floor":2,"turns":5},{"damage":1,"enemies":"Jaw Worm","floor":3,"turns":4},{"damage":1,"enemies":"Gremlin Gang","floor":4,"turns":6},{"damage":0,"enemies":"3 Louse","floor":6,"turns":3},{"damage":0,"enemies":"3 Sentries","floor":7,"turns":7},{"damage":19,"enemies":"Lagavulin","floor":10,"turns":7},{"damage":2,"enemies":"Exordium Wildlife","floor":11,"turns":6},{"damage":0,"enemies":"3 Sentries","floor":14,"turns":7},{"damage":39,"enemies":"Slime Boss","floor":16,"turns":8}],"event_choices":[{"event_name":"Shining Light","player_choice":"Entered Light","floor":5,"damage_taken":0},{"event_name":"Golden Shrine","player_choice":"Pray","floor":12,"damage_taken":0},{"event_name":"Golden Wing","player_choice":"Card Removal","floor":13,"damage_taken":0}],"boss_relics":[],"potions_floor_spawned":[1,2,6,7,10],"seed_played":"1159950688036389914","killed_by":"Slime Boss","ascension_level":0,"is_trial":false}