{"path_per_floor":["M","?","M","$","?","E","M","$","T","$","R","M","?","M","R","B",null,"M","?","$","M","?","R","E","R","T","R","E","?","M","E","R","B",null,"M","$","M","M","?","R","M","M","T","?","?","M"],"character_chosen":"THE_SILENT","items_purchased":["Distraction","War Paint"],"gold_per_floor":[119,119,135,27,27,56,66,66,66,66,66,78,144,161,161,264,264,282,207,52,40,40,40,67,67,67,67,98,98,109,135,135,236,236,247,147,166,182,182,182,197,217,240,240,0,17],"floor_reached":47,"campfire_rested":2,"playtime":2284,"current_hp_per_floor":[68,68,68,68,73,55,47,47,47,47,47,32,32,23,60,45,75,66,66,66,57,57,57,56,56,56,56,55,55,55,52,75,75,75,64,64,60,60,60,60,31,29,36,26,26,2],"items_purged":["Strike_G","Strike_G"],"gold":17,"score":507,"play_id":"af734694-9133-4898-bf5b-73dbe9ebc849","local_time":"20180304233600","is_prod":false,"is_daily":false,"is_ascension_mode":true,"campfire_upgraded":5,"timestamp":1520228160,"path_taken":["M","?","M","$","?","E","?","$","T","$","R","M","?","M","R","BOSS","M","?","$","?","?","R","E","R","T","R","E","?","?","E","R","BOSS","M","$","M","M","?","R","M","M","T","?","?","M","?"],"build_version":"2018-03-01-PROD1","purchased_purges":2,"victory":false,"master_deck":["Defend_G+1","Defend_G+1","Defend_G+1","Defend_G+1","Defend_G+1","Survivor","Neutralize+1","Wraith Form+1","Acrobatics+1","Distraction","After Image+1","Choke","Noxious Fumes","Backflip","A Thousand Cuts","Outmaneuver","Blur+1","Deflect+1","Doubt","Blade Dance","Wraith Form+1","Backstab+1","Pain","Madness","Madness","Prepared"],"max_hp_per_floor":[70,70,70,70,75,75,75,75,75,75,75,75,75,75,75,75,75,75,75,75,75,75,75,75,75,75,75,75,75,75,75,75,75,75,75,75,75,75,75,75,75,75,82,82,82,82],"relics":["Ring of the Snake","Regal Pillow","Toolbox","Cursed Key","War Paint","Paper Crane","Calipers","Matryoshka","Prayer Wheel","Runic Dome","Blood Vial","Strawberry","Red Mask"],"card_choices":[{"not_picked":["Quick Slash","Cloak And Dagger"],"picked":"Wraith Form"},{"not_picked":["Riddle With Holes","Flying Knee"],"picked":"Acrobatics"},{"not_picked":["Backflip","Flying Knee"],"picked":"After Image"},{"not_picked":["Eviscerate","All Out Attack"],"picked":"Choke"},{"not_picked":["Dodge and Roll","Backflip"],"picked":"Noxious Fumes"},{"not_picked":["Outmaneuver","PiercingWail"],"picked":"Backflip"},{"not_picked":["Adrenaline","Bullet Time"],"picked":"A Thousand Cuts"},{"not_picked":["Sucker Punch","Quick Slash"],"picked":"Outmaneuver"},{"not_picked":["Dodge and Roll","Sucker Punch"],"picked":"Blur"},{"not_picked":["Poisoned Stab","Flechettes"],"picked":"Deflect"},{"not_picked":["Underhanded Strike","Leg Sweep"],"picked":"Blade Dance"},{"not_picked":["A Thousand Cuts","Doppelganger"],"picked":"Wraith Form"},{"not_picked":["Accuracy","Quick Slash"],"picked":"Backstab"},{"not_picked":["Accuracy","Infinite Blades"],"picked":"Prepared"}],"player_experience":143273,"potions_floor_usage":[16,24,24,33,33,41,42,46],"damage_taken":[{"damage":2,"enemies":"Cultist","floor":1,"turns":4},{"damage":0,"enemies":"Small Slimes","floor":3,"turns":4},{"damage":18,"enemies":"3 Sentries","floor":6,"turns":8},{"damage":8,"enemies":"Jaw Worm","floor":7,"turns":4},{"damage":15,"enemies":"Blue Slaver","floor":12,"turns":5},{"damage":9,"enemies":"Red Slaver","floor":14,"turns":5},{"damage":15,"enemies":"The Guardian","floor":16,"turns":12},{"damage":9,"enemies":"Chosen","floor":18,"turns":4},{"damage":9,"enemies":"2 Thieves","floor":21,"turns":4},{"damage":16,"enemies":"Book of Stabbing","floor":24,"turns":11},{"damage":1,"enemies":"Gremlin Leader","floor":28,"turns":8},{"damage":0,"enemies":"Snecko","floor":30,"turns":6},{"damage":3,"enemies":"Book of Stabbing","floor":31,"turns":6},{"damage":0,"enemies":"Champ","floor":33,"turns":15},{"damage":11,"enemies":"3 Darklings","floor":35,"turns":7},{"damage":4,"enemies":"Orb Walker","floor":37,"turns":4},{"damage":0,"enemies":"Maw","floor":38,"turns":9},{"damage":29,"enemies":"3 Darklings","floor":41,"turns":6},{"damage":6,"enemies":"Sphere and 2 Shapes","floor":42,"turns":6},{"damage":26,"enemies":"4 Shapes","floor":46,"turns":6},{"damage":4,"enemies":"3 Darklings","floor":47,"turns":4}],"event_choices":[{"event_name":"Living Wall","player_choice":"Grow","floor":2,"damage_taken":0},{"event_name":"Big Fish","player_choice":"Donut","floor":5,"damage_taken":0},{"event_name":"Golden Wing","player_choice":"Gained Gold","floor":13,"damage_taken":0},{"event_name":"Beggar","player_choice":"Gave Gold","floor":19,"damage_taken":0},{"event_name":"The Mausoleum","player_choice":"No","floor":22,"damage_taken":0},{"event_name":"Back to Basics","player_choice":"Simplicity","floor":29,"damage_taken":0},{"event_name":"Winding Halls","player_choice":"Embrace Madness","floor":44,"damage_taken":0},{"event_name":"Tomb of Lord Red Mask","player_choice":"Paid","floor":45,"damage_taken":0}],"boss_relics":[{"not_picked":["Tiny House","Calling Bell"],"picked":"Cursed Key"},{"not_picked":["Lizard Tail","Velvet Choker"],"picked":"Runic Dome"}],"potions_floor_spawned":[6,14,18,28,31,33,35,37,38,41],"seed_played":"2735226769289827992","killed_by":"3 Darklings","ascension_level":1,"is_trial":false}