{"path_per_floor":["M","M","?","M","M","R","M","R","T","$","M","R","?","E","R","B",null,"M","M","?","M","$","E","R","M","T","M","M","?","R","E","R"],"character_chosen":"THE_SILENT","items_purchased":["Dagger Throw","Juzu Bracelet"],"gold_per_floor":[110,124,124,138,150,150,163,163,212,92,104,104,104,138,138,238,238,238,208,208,208,54,54,54,54,54,54,54,54,54,54,54,54],"floor_reached":33,"campfire_rested":4,"playtime":1409,"current_hp_per_floor":[63,62,62,60,58,58,47,68,68,68,68,68,61,54,54,20,70,42,42,65,70,70,35,56,56,56,52,40,40,61,33,54,0],"items_purged":["Clumsy"],"gold":54,"score":318,"play_id":"ea9e882b-efdf-4270-85ac-1f6075c4cf2d","local_time":"20180327205136","is_prod":false,"is_daily":false,"is_ascension_mode":true,"campfire_upgraded":3,"timestamp":1522201896,"path_taken":["M","M","?","M","M","R","M","R","T","$","M","R","?","E","R","BOSS","M","?","?","M","$","E","R","M","T","M","M","?","R","E","R","BOSS"],"build_version":"2018-03-22v2","purchased_purges":1,"victory":false,"master_deck":["Defend_G","Defend_G","Defend_G","Defend_G","Defend_G","Strike_G","Strike_G","Strike_G","Strike_G","Survivor","Neutralize+1","Backflip","Expertise","Finesse","Sucker Punch","Skewer+1","Dagger Throw","Prepared+1","Cloak And Dagger","Venomology","Acrobatics","Footwork","Reflex","Bouncing Flask","Caltrops+1","Decay","Malaise","Slice","Expertise+1"],"max_hp_per_floor":[70,70,70,70,70,70,70,70,70,70,70,70,70,70,70,70,70,70,70,70,70,70,70,70,70,70,70,70,70,70,70,70,70],"relics":["Cursed Key","Bag of Marbles","Bronze Scales","Ectoplasm","Juzu Bracelet","Frozen Egg 2","Ice Cream","Toxic Egg 2"],"card_choices":[{"not_picked":["Underhanded Strike","Bane"],"picked":"Backflip","floor":1},{"not_picked":["Quick Slash","Concentrate"],"picked":"Expertise","floor":2},{"not_picked":["Flying Knee","Masterful Stab"],"picked":"Sucker Punch","floor":4},{"not_picked":["Catalyst","Quick Slash"],"picked":"Skewer","floor":5},{"not_picked":["Quick Slash","Deadly Poison"],"picked":"Prepared","floor":11},{"not_picked":["Deflect","All Out Attack"],"picked":"Cloak And Dagger","floor":14},{"not_picked":["Grand Finale","Glass Knife"],"picked":"Venomology","floor":16},{"not_picked":["Cloak And Dagger","Dagger Spray"],"picked":"Acrobatics","floor":18},{"not_picked":["PiercingWail","Underhanded Strike"],"picked":"Footwork","floor":19},{"not_picked":["Malaise","Flechettes"],"picked":"Reflex","floor":21},{"not_picked":["Underhanded Strike","Poisoned Stab"],"picked":"Bouncing Flask","floor":23},{"not_picked":["Corpse Explosion","Accuracy"],"picked":"Caltrops","floor":25},{"not_picked":["Dash","Blade Dance"],"picked":"Malaise","floor":27},{"not_picked":["Flying Knee","Poisoned Stab"],"picked":"Slice","floor":28},{"not_picked":["Grand Finale","Quick Slash"],"picked":"Expertise","floor":31}],"player_experience":214736,"potions_floor_usage":[11,18,19,21,25,27,27,27,27,33],"damage_taken":[{"damage":7,"enemies":"Small Slimes","floor":1,"turns":4},{"damage":1,"enemies":"Cultist","floor":2,"turns":4},{"damage":2,"enemies":"Jaw Worm","floor":4,"turns":4},{"damage":2,"enemies":"Looter","floor":5,"turns":3},{"damage":11,"enemies":"Large Slime","floor":7,"turns":5},{"damage":0,"enemies":"Blue Slaver","floor":11,"turns":1},{"damage":7,"enemies":"Lagavulin","floor":14,"turns":8},{"damage":34,"enemies":"Slime Boss","floor":16,"turns":11},{"damage":28,"enemies":"Chosen","floor":18,"turns":7},{"damage":0,"enemies":"2 Thieves","floor":19,"turns":3},{"damage":7,"enemies":"Centurion and Healer","floor":21,"turns":6},{"damage":35,"enemies":"Gremlin Leader","floor":23,"turns":9},{"damage":0,"enemies":"Snake Plant","floor":25,"turns":1},{"damage":4,"enemies":"Cultist and Chosen","floor":27,"turns":7},{"damage":12,"enemies":"3 Cultists","floor":28,"turns":4},{"damage":28,"enemies":"Slavers","floor":31,"turns":6},{"damage":58,"enemies":"Champ","floor":33,"turns":9}],"event_choices":[{"event_name":"Match and Keep!","player_choice":"1 cards matched","floor":3,"damage_taken":0},{"event_name":"Golden Wing","player_choice":"Card Removal","floor":13,"damage_taken":0},{"event_name":"The Library","player_choice":"Heal","floor":20,"damage_taken":0},{"event_name":"Beggar","player_choice":"Ignored","floor":29,"damage_taken":0}],"boss_relics":[{"not_picked":["Velvet Choker","Orrery"],"picked":"Ectoplasm"}],"potions_floor_spawned":[2,7,23,25,27,31],"seed_played":"3534584060731736349","killed_by":"Champ","ascension_level":2,"is_trial":false}