{"path_per_floor":["M","M","M","M","M","E","R","E","T","R","M","M","M","$","R"],"character_chosen":"THE_SILENT","items_purchased":["Shuriken"],"gold_per_floor":[109,128,147,164,183,215,215,248,248,248,260,278,288,43,43,43],"floor_reached":16,"campfire_rested":3,"playtime":569,"current_hp_per_floor":[70,61,61,59,58,28,49,18,18,39,30,24,24,24,45,19],"items_purged":[],"gold":43,"score":133,"play_id":"8c05fdb9-f451-416f-aedb-ce4e25f451ef","local_time":"20180415234956","is_prod":false,"is_daily":false,"chose_seed":false,"is_ascension_mode":true,"campfire_upgraded":0,"timestamp":1523854196,"path_taken":["M","?","M","M","M","E","R","E","T","R","M","M","M","$","R","BOSS"],"build_version":"2018-04-12","seed_source_timestamp":12836397730865,"purchased_purges":0,"victory":false,"master_deck":["Defend_G","Defend_G","Defend_G","Defend_G","Defend_G","Strike_G","Strike_G","Strike_G","Strike_G","Strike_G","Survivor","Neutralize","Dagger Throw","Sucker Punch","Masterful Stab","Leg Sweep","Deflect","Footwork","Distraction"],"max_hp_per_floor":[70,70,70,70,70,70,70,70,70,70,70,70,70,70,70,70],"relics":["Ring of the Snake","Toolbox","Ornamental Fan","Centennial Puzzle","Shuriken"],"card_choices":[{"not_picked":["Slice","Quick Slash"],"picked":"Dagger Throw","floor":1},{"not_picked":["Predator","PiercingWail"],"picked":"Sucker Punch","floor":2},{"not_picked":["Cloak And Dagger","Deflect"],"picked":"Masterful Stab","floor":3},{"not_picked":["Envenom","Doppelganger"],"picked":"Leg Sweep","floor":6},{"not_picked":["Dodge and Roll","Caltrops"],"picked":"Deflect","floor":8},{"not_picked":["Dodge and Roll","Bullet Time"],"picked":"Footwork","floor":12},{"not_picked":["Calculated Gamble","Flying Knee"],"picked":"Distraction","floor":13}],"player_experience":258132,"potions_floor_usage":[8,11,13],"damage_taken":[{"damage":0,"enemies":"Cultist","floor":1,"turns":3},{"damage":9,"enemies":"Jaw Worm","floor":2,"turns":3},{"damage":0,"enemies":"Small Slimes","floor":3,"turns":3},{"damage":2,"enemies":"Exordium Wildlife","floor":4,"turns":3},{"damage":1,"enemies":"Blue Slaver","floor":5,"turns":4},{"damage":30,"enemies":"3 Sentries","floor":6,"turns":8},{"damage":31,"enemies":"Lagavulin","floor":8,"turns":6},{"damage":9,"enemies":"2 Fungi Beasts","floor":11,"turns":3},{"damage":6,"enemies":"Gremlin Gang","floor":12,"turns":5},{"damage":0,"enemies":"Looter","floor":13,"turns":3},{"damage":26,"enemies":"Slime Boss","floor":16,"turns":10}],"event_choices":[],"boss_relics":[],"potions_floor_spawned":[6,8,11,12],"seed_played":"-6093239918563577340","killed_by":"Slime Boss","ascension_level":3,"is_trial":false}