{"path_per_floor":["M","M","?","$","?","R","M","R","T","R","E","R","M","$","R","B",null,"M","M","?","$","M","R","E","R","T","M","M"],"character_chosen":"THE_SILENT","items_purchased":["Footwork","Noxious Fumes"],"gold_per_floor":[110,124,124,9,9,9,26,26,26,26,58,58,68,68,68,167,167,183,193,193,153,164,164,196,196,196,211,225,225],"floor_reached":29,"campfire_rested":4,"playtime":901,"current_hp_per_floor":[70,65,51,51,51,51,51,51,51,51,36,57,34,34,55,38,70,47,38,38,38,22,43,20,41,41,37,46,0],"items_purged":["Strike_G"],"gold":225,"score":279,"play_id":"75d6675d-0207-414e-a7c5-3fddbf6a9097","local_time":"20180419174012","is_prod":false,"is_daily":false,"chose_seed":false,"is_ascension_mode":true,"campfire_upgraded":3,"timestamp":1524177612,"path_taken":["M","M","?","$","?","R","M","R","T","R","E","R","?","$","R","BOSS","M","M","?","$","M","R","E","R","T","?","M","M"],"build_version":"2018-04-12","seed_source_timestamp":12059558915608,"purchased_purges":2,"victory":false,"master_deck":["Defend_G+1","Defend_G+1","Defend_G+1","Defend_G+1","Defend_G+1","Strike_G+1","Strike_G+1","Strike_G+1","Strike_G+1","Survivor","Neutralize+1","Sucker Punch+1","Footwork+1","Footwork","Noxious Fumes+1","Dagger Spray","After Image","Prepared+1","Noxious Fumes","PiercingWail","Die Die Die","Backflip+1","Escape Plan+1"],"max_hp_per_floor":[70,70,70,70,70,70,70,70,70,70,70,70,70,70,70,70,70,70,70,70,70,70,70,70,70,70,70,70,70],"relics":["Sozu","Question Card","Bottled Tornado","Runic Dome","Peace Pipe","Meat on the Bone"],"card_choices":[{"not_picked":["Outmaneuver","Acrobatics"],"picked":"Sucker Punch","floor":1},{"not_picked":["Slice","PiercingWail"],"picked":"Footwork","floor":2},{"not_picked":["Dagger Spray","Flying Knee"],"picked":"Noxious Fumes","floor":7},{"not_picked":["Heel Hook","Dash","Deflect"],"picked":"Dagger Spray","floor":13},{"not_picked":["Burst","A Thousand Cuts","Grand Finale"],"picked":"After Image","floor":16},{"not_picked":["Masterful Stab","Cloak And Dagger","Backflip"],"picked":"Prepared","floor":18},{"not_picked":["Noxious Fumes","Reflex","Setup"],"picked":"PiercingWail","floor":22},{"not_picked":["Predator","Doppelganger","Flying Knee"],"picked":"Die Die Die","floor":24},{"not_picked":["Leg Sweep","Poisoned Stab","Bane"],"picked":"Backflip","floor":27},{"not_picked":["PiercingWail","Dagger Throw","Poisoned Stab"],"picked":"Escape Plan","floor":28}],"player_experience":269138,"potions_floor_usage":[],"damage_taken":[{"damage":0,"enemies":"Jaw Worm","floor":1,"turns":5},{"damage":5,"enemies":"2 Louse","floor":2,"turns":3},{"damage":0,"enemies":"Small Slimes","floor":7,"turns":3},{"damage":15,"enemies":"3 Sentries","floor":11,"turns":8},{"damage":23,"enemies":"Gremlin Gang","floor":13,"turns":4},{"damage":17,"enemies":"The Guardian","floor":16,"turns":11},{"damage":23,"enemies":"2 Thieves","floor":18,"turns":5},{"damage":9,"enemies":"Shell Parasite","floor":19,"turns":7},{"damage":16,"enemies":"3 Cultists","floor":22,"turns":5},{"damage":23,"enemies":"Gremlin Leader","floor":24,"turns":8},{"damage":4,"enemies":"Sentry and Sphere","floor":27,"turns":7},{"damage":3,"enemies":"Snecko","floor":28,"turns":6},{"damage":48,"enemies":"Chosen and Byrds","floor":29,"turns":4}],"event_choices":[{"event_name":"Shining Light","player_choice":"Entered Light","floor":3,"damage_taken":0},{"event_name":"Living Wall","player_choice":"Grow","floor":5,"damage_taken":0},{"event_name":"Back to Basics","player_choice":"Simplicity","floor":20,"damage_taken":0}],"boss_relics":[{"not_picked":["Ectoplasm","Velvet Choker"],"picked":"Runic Dome"}],"potions_floor_spawned":[13,19,28],"seed_played":"-1082354557645357347","killed_by":"Chosen and Byrds","ascension_level":3,"is_trial":false}