{"path_per_floor":["M","?","M","M","M","E","M","M","T","M","$","R","M","M","R","B",null,"M","?","$","M","M","R","E","?","T","M","R","E","M","M","R","B",null,"M","?","M","?","$","R","?","R","T","M","E","$","R","M","R","B"],"character_chosen":"IRONCLAD","items_purchased":["Mercury Hourglass","Finesse"],"gold_per_floor":[114,289,303,321,337,364,380,398,398,409,54,54,69,89,89,188,188,158,158,83,83,83,83,83,83,83,83,83,83,83,83,83,83,83,83,0,0,0,0,0,0,0,0,0,0,0,0,0,0,0],"floor_reached":51,"campfire_rested":3,"playtime":2632,"current_hp_per_floor":[77,77,80,80,78,50,40,34,34,27,27,51,42,48,48,23,80,76,61,61,55,41,66,39,39,39,45,70,63,69,69,69,10,85,85,85,85,85,85,85,85,85,85,85,85,85,85,85,85,17],"items_purged":["Doubt"],"gold":0,"score":774,"play_id":"4070f03e-a6b3-4e8a-8f8a-0fb6555c103b","local_time":"20180325030943","is_prod":false,"is_daily":false,"is_ascension_mode":false,"campfire_upgraded":6,"timestamp":1521961783,"path_taken":["M","?","?","M","M","E","M","M","T","M","$","R","M","M","R","BOSS","M","?","$","M","M","R","E","?","T","?","R","E","M","M","R","BOSS","M","?","M","?","$","R","?","R","T","M","E","$","R","?","R","BOSS"],"build_version":"2018-03-22v2","purchased_purges":1,"victory":true,"master_deck":["Strike_R","Strike_R","Strike_R","Strike_R","Defend_R+1","Defend_R+1","Defend_R","Defend_R+1","Bash","Body Slam","Pommel Strike+1","Cleave","Flex+1","Rampage+1","Sword Boomerang+1","Headbutt+1","Finesse","Battle Trance+1","Shrug It Off","Bludgeon+1","True Grit","Anger+1","Demon Form+1","Flex+1","Dual Wield","Flex+1","Whirlwind+1","Impervious","Flex+1","Dropkick+1","Pommel Strike+1"],"max_hp_per_floor":[80,80,80,80,80,80,80,80,80,80,80,80,80,80,80,80,80,80,85,85,85,85,85,85,85,85,85,85,85,85,85,85,85,85,85,85,85,85,85,85,85,85,85,85,85,85,85,85,85,85],"relics":["Burning Blood","Molten Egg 2","Ancient Tea Set","Mercury Hourglass","Ectoplasm","Thread and Needle","Dream Catcher","War Paint","Anchor","Sozu","Red Mask","Shuriken","Bottled Tornado"],"card_choices":[{"not_picked":["Cleave","Limit Break"],"picked":"Body Slam","floor":1},{"not_picked":["True Grit","Perfected Strike"],"picked":"Pommel Strike","floor":3},{"not_picked":["Shockwave","Intimidate"],"picked":"Cleave","floor":4},{"not_picked":["Impervious","Reckless Charge"],"picked":"Flex","floor":6},{"not_picked":["Armaments","Searing Blow"],"picked":"Rampage","floor":7},{"not_picked":["Armaments","Anger"],"picked":"Sword Boomerang","floor":8},{"not_picked":["Clothesline","Bloodletting"],"picked":"Headbutt","floor":10},{"not_picked":["Cleave","Hemokinesis"],"picked":"Battle Trance","floor":13},{"not_picked":["Body Slam","Sword Boomerang"],"picked":"Shrug It Off","floor":14},{"not_picked":["Brutality","Demon Form"],"picked":"Bludgeon","floor":16},{"not_picked":["Searing Blow","Cleave"],"picked":"True Grit","floor":21},{"not_picked":["Pommel Strike","Cleave"],"picked":"Anger","floor":22},{"not_picked":["Power Through","Sword Boomerang"],"picked":"Demon Form","floor":24},{"not_picked":["Clothesline","Reckless Charge"],"picked":"Flex","floor":27},{"not_picked":["Rampage","Thunderclap"],"picked":"Dual Wield","floor":28},{"not_picked":["Headbutt","Body Slam"],"picked":"Flex","floor":29},{"not_picked":["Dropkick","Flex"],"picked":"Whirlwind","floor":30},{"not_picked":["Dark Embrace","Bludgeon"],"picked":"Impervious","floor":33},{"not_picked":["Combust","Clothesline"],"picked":"Flex","floor":35},{"not_picked":["Sword Boomerang","Intimidate"],"picked":"Dropkick","floor":45},{"not_picked":["Twin Strike","Inflame"],"picked":"Pommel Strike","floor":48}],"player_experience":18626,"potions_floor_usage":[16,16,29,33,33,45,50],"damage_taken":[{"damage":9,"enemies":"Jaw Worm","floor":1,"turns":4},{"damage":0,"enemies":"Small Slimes","floor":3,"turns":3},{"damage":1,"enemies":"2 Louse","floor":4,"turns":3},{"damage":8,"enemies":"Lots of Slimes","floor":5,"turns":5},{"damage":34,"enemies":"Gremlin Nob","floor":6,"turns":5},{"damage":16,"enemies":"Exordium Wildlife","floor":7,"turns":7},{"damage":12,"enemies":"3 Louse","floor":8,"turns":3},{"damage":13,"enemies":"Blue Slaver","floor":10,"turns":5},{"damage":15,"enemies":"Exordium Wildlife","floor":13,"turns":4},{"damage":0,"enemies":"Looter","floor":14,"turns":3},{"damage":46,"enemies":"The Guardian","floor":16,"turns":10},{"damage":10,"enemies":"2 Thieves","floor":18,"turns":3},{"damage":12,"enemies":"Shell Parasite","floor":21,"turns":3},{"damage":20,"enemies":"Snecko","floor":22,"turns":4},{"damage":33,"enemies":"Slavers","floor":24,"turns":4},{"damage":0,"enemies":"Slaver and Parasite","floor":27,"turns":4},{"damage":13,"enemies":"Gremlin Leader","floor":29,"turns":4},{"damage":0,"enemies":"Snake Plant","floor":30,"turns":2},{"damage":6,"enemies":"Centurion and Healer","floor":31,"turns":3},{"damage":65,"enemies":"Champ","floor":33,"turns":9},{"damage":2,"enemies":"Orb Walker","floor":35,"turns":3},{"damage":0,"enemies":"3 Shapes","floor":37,"turns":3},{"damage":2,"enemies":"Sphere and 2 Shapes","floor":44,"turns":1},{"damage":0,"enemies":"2 Orb Walkers","floor":45,"turns":2},{"damage":0,"enemies":"3 Darklings","floor":48,"turns":4},{"damage":74,"enemies":"Donu and Deca","floor":50,"turns":6}],"event_choices":[{"event_name":"Liars Game","player_choice":"agreed","floor":2,"damage_taken":0},{"event_name":"Forgotten Altar","player_choice":"Shed Blood","floor":19,"damage_taken":0},{"event_name":"The Mausoleum","player_choice":"Yes","floor":25,"damage_taken":0},{"event_name":"Tomb of Lord Red Mask","player_choice":"Paid","floor":36,"damage_taken":0},{"event_name":"Mysterious Sphere","player_choice":"Ignore","floor":41,"damage_taken":0}],"boss_relics":[{"not_picked":["Mark of Pain","Philosopher\u0027s Stone"],"picked":"Ectoplasm"},{"not_picked":["Runic Cube","Lizard Tail"],"picked":"Sozu"}],"potions_floor_spawned":[4,8,10,13,24,27,29,31,33,35,45],"seed_played":"-4483016310884531993","ascension_level":0,"is_trial":false}