{"path_per_floor":["M","?","?","M","M","R","M","T","T","?","$","M","M","M","R","B",null,"M","?","M","M","$","R","E","R","T","E","M","M","?","M","R","B",null,"M","?","M","?","$","R","?","R","T","T","M","M","?","M","R","B"],"character_chosen":"IRONCLAD","items_purchased":["Master of Strategy","Master of Strategy","Pantograph"],"gold_per_floor":[118,118,68,82,92,92,109,184,207,207,15,38,54,68,68,187,187,208,208,227,241,59,59,102,102,102,135,156,175,175,196,196,325,325,348,412,427,427,102,102,102,102,127,127,147,163,163,177,177,177],"floor_reached":51,"campfire_rested":0,"playtime":3737,"current_hp_per_floor":[80,73,73,79,78,78,77,77,77,57,57,63,69,75,75,31,80,83,83,83,88,88,88,75,75,75,74,73,78,78,75,75,57,104,113,101,106,106,106,106,91,91,91,91,96,105,105,107,107,45],"items_purged":["Clothesline"],"gold":177,"score":706,"play_id":"465ae5c2-6613-446d-ac9e-9f822a840dc3","local_time":"20180325194242","is_prod":false,"is_daily":false,"is_ascension_mode":false,"campfire_upgraded":5,"timestamp":1522021362,"path_taken":["M","?","?","M","M","R","M","?","T","?","?","M","M","M","R","BOSS","M","?","M","?","$","R","E","R","T","E","M","M","?","M","R","BOSS","M","?","M","?","$","R","?","R","T","?","M","M","?","M","R","BOSS"],"build_version":"2018-03-22v2","purchased_purges":1,"victory":true,"master_deck":["Bash","Shrug It Off","Cleave","Flex+1","Spot Weakness","Master of Strategy","Flex+1","Offering+1","Feed","Infernal Blade","Warcry","Clash","Body Slam","Flame Barrier","Thunderclap+1","Dropkick","Master of Strategy+1","Warcry+1","Feed","Pommel Strike+1","Inflame+1","Sword Boomerang+1","Feed","Thunderclap+1","Madness+1","Madness","Flex+1"],"max_hp_per_floor":[80,80,80,80,80,80,80,80,80,80,80,80,80,80,80,80,80,83,83,89,92,92,92,95,95,95,95,98,101,101,104,104,104,104,113,119,122,122,122,122,122,122,122,122,131,137,137,137,137,137],"relics":["Burning Blood","Gremlin Horn","Lantern","Golden Idol","Pandora\u0027s Box","Champion Belt","Sundial","Bag of Preparation","Mark of Pain","Shovel","Pantograph","Juzu Bracelet","The Courier","Vajra","Red Skull","Du-Vu Doll"],"card_choices":[{"not_picked":["Sever Soul","True Grit"],"picked":"Shrug It Off","floor":1},{"not_picked":["Uppercut","Power Through"],"picked":"Cleave","floor":4},{"not_picked":["Cleave","True Grit"],"picked":"Flex","floor":5},{"not_picked":["Heavy Blade","Reaper"],"picked":"Spot Weakness","floor":7},{"not_picked":["Clash","Seeing Red"],"picked":"Flex","floor":13},{"not_picked":["Hemokinesis","Metallicize"],"picked":"Offering","floor":14},{"not_picked":["Berserk","Double Tap"],"picked":"Feed","floor":16},{"not_picked":["Clothesline","Twin Strike"],"picked":"Thunderclap","floor":18},{"not_picked":["Clothesline","Sword Boomerang"],"picked":"Dropkick","floor":20},{"not_picked":["Uppercut","Metallicize"],"picked":"Warcry","floor":24},{"not_picked":["Searing Blow","Power Through"],"picked":"Feed","floor":27},{"not_picked":["Second Wind","Inflame"],"picked":"Pommel Strike","floor":28},{"not_picked":["Clash","Flex"],"picked":"Sword Boomerang","floor":31},{"not_picked":["Double Tap","Reaper"],"picked":"Feed","floor":33},{"not_picked":["Dual Wield","Pommel Strike"],"picked":"Thunderclap","floor":35},{"not_picked":["Bloodletting","Wild Strike"],"picked":"Flex","floor":45}],"player_experience":52706,"potions_floor_usage":[14,16,20,24,29,31,50,50],"damage_taken":[{"damage":1,"enemies":"Jaw Worm","floor":1,"turns":4},{"damage":0,"enemies":"2 Louse","floor":4,"turns":3},{"damage":7,"enemies":"Cultist","floor":5,"turns":4},{"damage":7,"enemies":"Looter","floor":7,"turns":3},{"damage":0,"enemies":"Exordium Wildlife","floor":12,"turns":1},{"damage":0,"enemies":"Lots of Slimes","floor":13,"turns":3},{"damage":0,"enemies":"Blue Slaver","floor":14,"turns":1},{"damage":60,"enemies":"Slime Boss","floor":16,"turns":14},{"damage":4,"enemies":"Spheric Guardian","floor":18,"turns":2},{"damage":12,"enemies":"2 Thieves","floor":20,"turns":2},{"damage":4,"enemies":"Centurion and Healer","floor":21,"turns":2},{"damage":25,"enemies":"Slavers","floor":24,"turns":3},{"damage":7,"enemies":"Gremlin Leader","floor":27,"turns":3},{"damage":10,"enemies":"Cultist and Chosen","floor":28,"turns":4},{"damage":7,"enemies":"Snecko","floor":29,"turns":3},{"damage":12,"enemies":"Snake Plant","floor":31,"turns":4},{"damage":24,"enemies":"Automaton","floor":33,"turns":5},{"damage":0,"enemies":"3 Shapes","floor":35,"turns":1},{"damage":24,"enemies":"Mysterious Sphere","floor":36,"turns":2},{"damage":4,"enemies":"Orb Walker","floor":37,"turns":1},{"damage":10,"enemies":"4 Shapes","floor":45,"turns":1},{"damage":3,"enemies":"Sphere and 2 Shapes","floor":46,"turns":1},{"damage":4,"enemies":"3 Darklings","floor":48,"turns":2},{"damage":93,"enemies":"Time Eater","floor":50,"turns":9}],"event_choices":[{"event_name":"Golden Wing","player_choice":"Card Removal","floor":2,"damage_taken":0},{"event_name":"The Cleric","player_choice":"Card Removal","floor":3,"damage_taken":0},{"event_name":"Golden Idol","player_choice":"Take Damage","floor":10,"damage_taken":0},{"event_name":"Bonfire Elementals","player_choice":"COMMON","floor":19,"damage_taken":0},{"event_name":"The Library","player_choice":"Read","floor":30,"damage_taken":0},{"event_name":"Mysterious Sphere","player_choice":"Fight","floor":36,"damage_taken":0},{"event_name":"Tomb of Lord Red Mask","player_choice":"Ignored","floor":38,"damage_taken":0},{"event_name":"Winding Halls","player_choice":"Embrace Madness","floor":41,"damage_taken":0},{"event_name":"Upgrade Shrine","player_choice":"Upgraded","floor":47,"damage_taken":0}],"boss_relics":[{"not_picked":["Velvet Choker","Runic Pyramid"],"picked":"Pandora\u0027s Box"},{"not_picked":["Cursed Key","Philosopher\u0027s Stone"],"picked":"Mark of Pain"}],"potions_floor_spawned":[4,5,14,16,20,27,28,31,35,45,46],"seed_played":"1238036220855372710","ascension_level":0,"is_trial":false}