{"path_per_floor":["M","?","?","$","M","R","M","E","T","?","M","M","E","M","R","B",null,"M","M","$","M","?","E","M","?","T","?","M","$","R","$","R","B",null,"M","$","?","$","?","E","R","M","T","E","R","E","M","M","R","B"],"character_chosen":"IRONCLAD","items_purchased":["Pommel Strike","Omamori","Pommel Strike","War Paint","Weak Potion","Blood for Blood"],"gold_per_floor":[109,109,284,155,165,165,179,209,209,266,283,301,331,349,349,451,451,464,481,276,295,220,254,269,269,348,263,277,129,129,80,80,178,178,197,197,197,129,129,194,194,213,238,263,263,288,298,309,309,309],"floor_reached":51,"campfire_rested":4,"playtime":1786,"current_hp_per_floor":[75,72,72,72,66,66,66,46,46,28,21,21,12,12,36,11,80,80,75,75,69,69,58,53,53,53,53,53,53,77,77,80,43,80,80,80,80,80,80,78,78,78,78,69,69,63,49,53,77,5],"items_purged":["Doubt"],"gold":309,"score":816,"play_id":"47496c4e-e5f1-4ca1-967e-20985652535f","local_time":"20180328004129","is_prod":false,"is_daily":false,"is_ascension_mode":false,"campfire_upgraded":1,"timestamp":1522212089,"path_taken":["M","?","?","$","?","R","M","E","T","?","M","M","E","M","R","BOSS","M","M","$","M","?","E","M","?","T","?","?","$","R","$","R","BOSS","M","$","?","$","?","E","R","M","T","E","R","E","M","M","R","BOSS"],"build_version":"2018-03-22v2","purchased_purges":3,"victory":true,"master_deck":["Strike_R","Strike_R","Strike_R","Strike_R","Strike_R","Defend_R+1","Defend_R","Defend_R","Defend_R+1","Perfected Strike+1","Pommel Strike","Perfected Strike","Pommel Strike","Twin Strike","Perfected Strike","Pommel Strike","Pommel Strike","Feed","Blood for Blood","Dual Wield"],"max_hp_per_floor":[80,80,80,80,80,80,80,80,80,80,80,80,80,80,80,80,80,80,80,80,80,80,80,80,80,80,80,80,80,80,80,80,80,80,80,80,80,80,80,80,80,80,80,80,80,80,80,80,80,83],"relics":["Runic Cube","Pen Nib","Happy Flower","Girya","Champion Belt","Thread and Needle","Cursed Key","Omamori","Centennial Puzzle","Dodecahedron","Lantern","War Paint","Snecko Eye","Tiny Chest","Bronze Scales","Bird Faced Urn","Toolbox"],"card_choices":[{"not_picked":["Havoc","Blood for Blood"],"picked":"Perfected Strike","floor":1},{"not_picked":["Headbutt","Heavy Blade"],"picked":"Perfected Strike","floor":7},{"not_picked":["Sword Boomerang","Carnage"],"picked":"Pommel Strike","floor":12},{"not_picked":["Rage","Demon Form"],"picked":"Twin Strike","floor":13},{"not_picked":["Iron Wave","Headbutt"],"picked":"Perfected Strike","floor":14},{"not_picked":["Sword Boomerang","Carnage"],"picked":"Pommel Strike","floor":23},{"not_picked":["Reaper","Brutality"],"picked":"Feed","floor":33},{"not_picked":["Inflame","Flex"],"picked":"Dual Wield","floor":46}],"player_experience":138064,"potions_floor_usage":[10,12,14,18,23,33,33,40,50,50,50],"damage_taken":[{"damage":5,"enemies":"Small Slimes","floor":1,"turns":3},{"damage":6,"enemies":"Jaw Worm","floor":5,"turns":4},{"damage":0,"enemies":"2 Louse","floor":7,"turns":2},{"damage":20,"enemies":"Gremlin Nob","floor":8,"turns":4},{"damage":18,"enemies":"Lagavulin Event","floor":10,"turns":3},{"damage":7,"enemies":"Blue Slaver","floor":11,"turns":3},{"damage":0,"enemies":"Exordium Wildlife","floor":12,"turns":3},{"damage":9,"enemies":"3 Sentries","floor":13,"turns":5},{"damage":0,"enemies":"Gremlin Gang","floor":14,"turns":3},{"damage":25,"enemies":"The Guardian","floor":16,"turns":6},{"damage":0,"enemies":"3 Byrds","floor":18,"turns":3},{"damage":5,"enemies":"Spheric Guardian","floor":19,"turns":3},{"damage":6,"enemies":"Snake Plant","floor":21,"turns":2},{"damage":11,"enemies":"Book of Stabbing","floor":23,"turns":3},{"damage":5,"enemies":"Cultist and Chosen","floor":24,"turns":3},{"damage":0,"enemies":"3 Cultists","floor":28,"turns":3},{"damage":37,"enemies":"Collector","floor":33,"turns":5},{"damage":0,"enemies":"Orb Walker","floor":35,"turns":2},{"damage":2,"enemies":"Nemesis","floor":40,"turns":3},{"damage":0,"enemies":"3 Darklings","floor":42,"turns":2},{"damage":9,"enemies":"Giant Head","floor":44,"turns":5},{"damage":6,"enemies":"Nemesis","floor":46,"turns":3},{"damage":14,"enemies":"Maw","floor":47,"turns":3},{"damage":0,"enemies":"Sphere and 2 Shapes","floor":48,"turns":2},{"damage":75,"enemies":"Awakened One","floor":50,"turns":7}],"event_choices":[{"event_name":"Scrap Ooze","player_choice":"success","floor":2,"damage_taken":3},{"event_name":"Liars Game","player_choice":"agreed","floor":3,"damage_taken":0},{"event_name":"Dead Adventurer","player_choice":"Searched \u00272\u0027 times","floor":10,"damage_taken":0},{"event_name":"Beggar","player_choice":"Gave Gold","floor":22,"damage_taken":0},{"event_name":"Vampires","player_choice":"Ignored","floor":25,"damage_taken":0},{"event_name":"Addict","player_choice":"Obtained Relic","floor":27,"damage_taken":0},{"event_name":"Tomb of Lord Red Mask","player_choice":"Ignored","floor":37,"damage_taken":0},{"event_name":"The Woman in Blue","player_choice":"Bought 0 Potions","floor":39,"damage_taken":0}],"boss_relics":[{"not_picked":["Lizard Tail","Calling Bell"],"picked":"Cursed Key"},{"not_picked":["Philosopher\u0027s Stone","Sozu"],"picked":"Snecko Eye"}],"potions_floor_spawned":[5,7,10,13,18,21,28,35,42,44,48],"seed_played":"-8308796286957574622","ascension_level":0,"is_trial":false}