{"path_per_floor":["M","M","?","?","M","E","R","E","T","?","?","M","M","M","R","B",null,"M","?","M","?","M","R","?","E","T"],"character_chosen":"IRONCLAD","items_purchased":[],"gold_per_floor":[110,128,128,128,141,177,177,211,211,291,291,309,333,357,357,478,478,501,501,514,514,539,539,539,582,582,582],"floor_reached":27,"campfire_rested":1,"playtime":840,"current_hp_per_floor":[80,80,73,53,59,38,38,40,54,27,27,29,30,36,64,18,94,94,94,94,78,66,66,66,26,26,0],"items_purged":[],"gold":582,"score":322,"play_id":"62f165bd-b8fc-4beb-acb3-2291c801b6b8","local_time":"20180405193946","is_prod":false,"is_daily":false,"is_ascension_mode":true,"campfire_upgraded":2,"timestamp":1522971586,"path_taken":["M","?","?","?","?","E","R","E","T","?","?","M","M","M","R","BOSS","M","?","M","?","M","R","?","E","T","E"],"build_version":"2018-03-29v2","purchased_purges":0,"victory":false,"master_deck":["Strike_R","Strike_R","Strike_R","Strike_R","Defend_R","Defend_R","Bash","Flex","Cleave","Perfected Strike+1","Offering+1","Shrug It Off","Thunderclap","Pommel Strike","Wild Strike","Pommel Strike","Impervious"],"max_hp_per_floor":[80,80,80,80,80,80,80,80,94,94,94,94,94,94,94,94,94,94,94,94,94,94,94,94,94,94,94],"relics":["Burning Blood","NeowsBlessing","Golden Idol","Vajra","Ginger","Mango","Peace Pipe","Snecko Eye","Nilry\u0027s Codex","Shuriken","Charon\u0027s Ashes"],"card_choices":[{"not_picked":["Twin Strike","Armaments"],"picked":"Flex","floor":1},{"not_picked":["Metallicize","Heavy Blade"],"picked":"Cleave","floor":2},{"not_picked":["Body Slam","Pummel"],"picked":"Perfected Strike","floor":5},{"not_picked":["Iron Wave","Infernal Blade"],"picked":"Offering","floor":6},{"not_picked":["Iron Wave","Anger"],"picked":"Shrug It Off","floor":8},{"not_picked":["Armaments","Iron Wave"],"picked":"Pommel Strike","floor":12},{"not_picked":["Burning Pact","Corruption"],"picked":"Wild Strike","floor":13},{"not_picked":["Heavy Blade","True Grit"],"picked":"Pommel Strike","floor":18},{"not_picked":["Sever Soul","True Grit"],"picked":"Impervious","floor":25}],"player_experience":174082,"potions_floor_usage":[18,20,25],"damage_taken":[{"damage":0,"enemies":"Cultist","floor":1,"turns":1},{"damage":0,"enemies":"2 Louse","floor":2,"turns":1},{"damage":0,"enemies":"Jaw Worm","floor":5,"turns":1},{"damage":27,"enemies":"3 Sentries","floor":6,"turns":6},{"damage":4,"enemies":"Gremlin Nob","floor":8,"turns":2},{"damage":33,"enemies":"Lagavulin Event","floor":10,"turns":5},{"damage":4,"enemies":"Looter","floor":12,"turns":2},{"damage":5,"enemies":"3 Louse","floor":13,"turns":2},{"damage":0,"enemies":"Exordium Wildlife","floor":14,"turns":2},{"damage":52,"enemies":"The Guardian","floor":16,"turns":7},{"damage":3,"enemies":"3 Byrds","floor":18,"turns":3},{"damage":0,"enemies":"Shell Parasite","floor":20,"turns":1},{"damage":18,"enemies":"Snecko","floor":22,"turns":3},{"damage":46,"enemies":"Slavers","floor":25,"turns":4},{"damage":27,"enemies":"Gremlin Leader","floor":27,"turns":3}],"event_choices":[{"event_name":"Golden Wing","player_choice":"Card Removal","floor":3,"damage_taken":0},{"event_name":"Golden Idol","player_choice":"Take Damage","floor":4,"damage_taken":0},{"event_name":"Dead Adventurer","player_choice":"Searched \u00271\u0027 times","floor":10,"damage_taken":0},{"event_name":"Transmorgrifier","player_choice":"Transform","floor":11,"damage_taken":0},{"event_name":"Back to Basics","player_choice":"Elegance","floor":19,"damage_taken":0},{"event_name":"Cursed Tome","player_choice":"Obtained Book","floor":21,"damage_taken":0},{"event_name":"Vampires","player_choice":"Ignored","floor":24,"damage_taken":0}],"boss_relics":[{"not_picked":["Philosopher\u0027s Stone","Cursed Key"],"picked":"Snecko Eye"}],"potions_floor_spawned":[6,8,10,12,13,14,22,25],"seed_played":"-6951078119699830538","killed_by":"Gremlin Leader","ascension_level":4,"is_trial":false}