{"path_per_floor":["M","?","?","?","M","M","M","M","T","$","E","R","$","M","R","B",null,"M","?","$","M","$","E","$","R","T","M","?","M","R","M","R"],"character_chosen":"IRONCLAD","items_purchased":["Molten Egg 2"],"gold_per_floor":[113,113,288,288,305,320,333,347,404,82,114,114,14,25,25,126,126,143,143,18,28,28,56,56,56,56,71,71,86,86,101,101,101],"floor_reached":33,"campfire_rested":1,"playtime":1176,"current_hp_per_floor":[69,69,69,51,53,52,49,51,51,51,26,50,50,51,51,8,80,65,65,65,67,67,47,47,47,47,41,41,34,34,55,55,0],"items_purged":["Doubt","Strike_R","Writhe"],"gold":101,"score":267,"play_id":"b570e441-653c-4b3a-b3a4-7b40cd28767d","local_time":"20180329230933","is_prod":false,"is_daily":false,"is_ascension_mode":false,"campfire_upgraded":4,"timestamp":1522379373,"path_taken":["M","?","?","?","M","M","M","?","T","$","E","R","$","M","R","BOSS","M","?","$","?","?","E","$","R","T","M","?","M","R","?","R","BOSS"],"build_version":"2018-03-29","purchased_purges":3,"victory":false,"master_deck":["Strike_R","Strike_R","Strike_R","Defend_R","Defend_R","Defend_R","Defend_R","Bash","Searing Blow+5","Whirlwind","Double Tap","Seeing Red","Anger+1"],"max_hp_per_floor":[80,80,80,80,80,80,80,80,80,80,80,80,80,80,80,80,80,80,80,80,80,80,80,80,80,80,80,80,80,80,80,80,80],"relics":["White Beast Statue","Blood Vial","Tiny Chest","Molten Egg 2","Bottled Flame","Snecko Eye","Meat on the Bone","Regal Pillow","Magic Flower"],"card_choices":[{"not_picked":["Burning Pact","Wild Strike"],"picked":"Searing Blow","floor":1},{"not_picked":["Rupture","Wild Strike"],"picked":"Whirlwind","floor":7},{"not_picked":["Disarm","Metallicize"],"picked":"Double Tap","floor":11},{"not_picked":["Feel No Pain","Sword Boomerang"],"picked":"Seeing Red","floor":14}],"player_experience":174497,"potions_floor_usage":[7,8,14,16,18,18,23,23,27,27,31,33],"damage_taken":[{"damage":11,"enemies":"Jaw Worm","floor":1,"turns":2},{"damage":0,"enemies":"2 Louse","floor":5,"turns":3},{"damage":3,"enemies":"Small Slimes","floor":6,"turns":3},{"damage":5,"enemies":"Exordium Wildlife","floor":7,"turns":6},{"damage":0,"enemies":"2 Fungi Beasts","floor":8,"turns":3},{"damage":27,"enemies":"3 Sentries","floor":11,"turns":7},{"damage":1,"enemies":"Red Slaver","floor":14,"turns":5},{"damage":45,"enemies":"The Guardian","floor":16,"turns":8},{"damage":15,"enemies":"Shell Parasite","floor":18,"turns":3},{"damage":0,"enemies":"Chosen","floor":21,"turns":3},{"damage":22,"enemies":"Slavers","floor":23,"turns":5},{"damage":9,"enemies":"Snake Plant","floor":27,"turns":4},{"damage":28,"enemies":"Centurion and Healer","floor":29,"turns":5},{"damage":0,"enemies":"Sentry and Sphere","floor":31,"turns":2},{"damage":61,"enemies":"Champ","floor":33,"turns":8}],"event_choices":[{"event_name":"Living Wall","player_choice":"Grow","floor":2,"damage_taken":0},{"event_name":"Liars Game","player_choice":"agreed","floor":3,"damage_taken":0},{"event_name":"Scrap Ooze","player_choice":"success","floor":4,"damage_taken":18},{"event_name":"The Mausoleum","player_choice":"Yes","floor":19,"damage_taken":0},{"event_name":"Transmorgrifier","player_choice":"Transform","floor":28,"damage_taken":0}],"boss_relics":[{"not_picked":["Runic Cube","Astrolabe"],"picked":"Snecko Eye"}],"potions_floor_spawned":[1,5,6,7,8,11,14,16,18,21,23,27,29,31],"seed_played":"31313811882097660","killed_by":"Champ","ascension_level":0,"is_trial":false}