{"path_per_floor":["M","?","M","M","M","E","M","E","T","E","M","?","E","$","R","B",null,"M","?","?","M","T","$"],"character_chosen":"IRONCLAD","items_purchased":["Pantograph","Warcry"],"gold_per_floor":[310,310,322,340,352,385,396,423,472,500,520,520,556,243,243,366,366,385,385,385,400,400,252,252],"floor_reached":24,"campfire_rested":0,"playtime":1187,"current_hp_per_floor":[80,62,65,71,77,49,55,57,57,40,38,38,34,34,34,9,74,50,50,50,23,23,23,0],"items_purged":["Strike_R","Writhe"],"gold":252,"score":249,"play_id":"5ed89ac8-3e16-4380-a65b-9fdc4ffccf46","local_time":"20180405120846","is_prod":false,"is_daily":false,"is_ascension_mode":true,"campfire_upgraded":1,"timestamp":1522944526,"path_taken":["M","?","M","M","M","E","M","E","T","E","M","?","E","?","R","BOSS","M","?","?","?","?","$","E"],"build_version":"2018-03-29v2","purchased_purges":2,"victory":false,"master_deck":["Strike_R","Strike_R","Strike_R+1","Strike_R+1","Defend_R","Defend_R","Defend_R","Defend_R","Bash","Clash","Seeing Red","True Grit","Flex+1","Limit Break","Barricade","Body Slam","Demon Form","Havoc","Feel No Pain","Warcry"],"max_hp_per_floor":[80,80,80,80,80,80,80,80,80,80,80,74,74,74,74,74,74,74,74,74,74,74,74,74],"relics":["Burning Blood","Old Coin","Charon\u0027s Ashes","Oddly Smooth Stone","Dream Catcher","Prayer Wheel","Whetstone","Golden Idol","Mummified Hand","Pantograph","Orrery","Ancient Tea Set","Champion Belt"],"card_choices":[{"not_picked":["Headbutt","Ghostly Armor"],"picked":"Clash","floor":1},{"not_picked":["Anger","Power Through"],"picked":"Seeing Red","floor":3},{"not_picked":["Metallicize","Headbutt"],"picked":"True Grit","floor":4},{"not_picked":["Spot Weakness","Thunderclap"],"picked":"Flex","floor":6},{"not_picked":["Heavy Blade","Carnage"],"picked":"Limit Break","floor":10},{"not_picked":["Fiend Fire","Feed"],"picked":"Barricade","floor":16},{"not_picked":["Pommel Strike","Warcry"],"picked":"Body Slam","floor":17},{"not_picked":["Havoc","Infernal Blade"],"picked":"Demon Form","floor":17},{"not_picked":["Clothesline","Reckless Charge"],"picked":"Havoc","floor":17},{"not_picked":["Body Slam","Clash"],"picked":"Feel No Pain","floor":21}],"player_experience":163266,"potions_floor_usage":[8,10,16,16,24,24],"damage_taken":[{"damage":6,"enemies":"2 Louse","floor":1,"turns":3},{"damage":3,"enemies":"Jaw Worm","floor":3,"turns":4},{"damage":0,"enemies":"Cultist","floor":4,"turns":2},{"damage":0,"enemies":"Large Slime","floor":5,"turns":2},{"damage":34,"enemies":"Gremlin Nob","floor":6,"turns":5},{"damage":0,"enemies":"Exordium Wildlife","floor":7,"turns":4},{"damage":16,"enemies":"3 Sentries","floor":8,"turns":7},{"damage":23,"enemies":"Lagavulin","floor":10,"turns":8},{"damage":8,"enemies":"Lots of Slimes","floor":11,"turns":4},{"damage":10,"enemies":"3 Sentries","floor":13,"turns":6},{"damage":56,"enemies":"Hexaghost","floor":16,"turns":11},{"damage":30,"enemies":"2 Thieves","floor":18,"turns":5},{"damage":33,"enemies":"Shell Parasite","floor":21,"turns":7},{"damage":33,"enemies":"Book of Stabbing","floor":24,"turns":3}],"event_choices":[{"event_name":"Scrap Ooze","player_choice":"success","floor":2,"damage_taken":18},{"event_name":"Golden Idol","player_choice":"Lose Max HP","floor":12,"damage_taken":0},{"event_name":"The Mausoleum","player_choice":"Yes","floor":19,"damage_taken":0},{"event_name":"Vampires","player_choice":"Ignored","floor":20,"damage_taken":0}],"boss_relics":[{"not_picked":["Runic Pyramid","White Beast Statue"],"picked":"Orrery"}],"potions_floor_spawned":[3,7,8,10,13,16,21],"seed_played":"47790270861800643","killed_by":"Book of Stabbing","ascension_level":2,"is_trial":false}