{"path_per_floor":["M","?","M","M","?","E","?","M","T","$","M","M","?","M","R","B",null,"M","M","?","?","?","E"],"character_chosen":"IRONCLAD","items_purchased":[],"gold_per_floor":[117,117,136,155,155,185,185,197,197,122,142,155,155,165,165,263,263,283,301,301,301,201,230,230],"floor_reached":24,"campfire_rested":0,"playtime":1331,"current_hp_per_floor":[80,80,80,80,80,71,71,77,77,77,80,80,80,80,80,51,80,75,77,61,61,61,22,0],"items_purged":["Strike_R"],"gold":230,"score":218,"play_id":"ba362511-ff59-4f65-9911-2d743e5ad2ea","local_time":"20180326184220","is_prod":false,"is_daily":false,"is_ascension_mode":false,"campfire_upgraded":1,"timestamp":1522104140,"path_taken":["M","?","M","M","?","E","?","M","T","$","M","?","?","M","R","BOSS","M","M","?","?","?","E","?"],"build_version":"2018-03-22v2","purchased_purges":1,"victory":false,"master_deck":["Strike_R","Strike_R","Defend_R","Defend_R","Defend_R","Defend_R","Bash","Rampage+1","Shrug It Off","Pommel Strike+1","True Grit","Pommel Strike","Evolve","Wild Strike","J.A.X."],"max_hp_per_floor":[80,80,80,80,80,80,80,80,80,80,80,80,80,80,80,80,80,80,80,80,80,80,80,80],"relics":["Burning Blood","Oddly Smooth Stone","Darkstone Periapt","Sozu","Enchiridion","Art of War"],"card_choices":[{"not_picked":["Clothesline","Evolve"],"picked":"Rampage","floor":1},{"not_picked":["Bloodletting","Sword Boomerang"],"picked":"Shrug It Off","floor":6},{"not_picked":["Thunderclap","Ghostly Armor"],"picked":"True Grit","floor":11},{"not_picked":["Iron Wave","Clothesline"],"picked":"Pommel Strike","floor":14},{"not_picked":["Cleave","Pommel Strike"],"picked":"Evolve","floor":19}],"player_experience":95010,"potions_floor_usage":[6,6,12,12,16,18],"damage_taken":[{"damage":0,"enemies":"2 Louse","floor":1,"turns":2},{"damage":5,"enemies":"Cultist","floor":3,"turns":4},{"damage":4,"enemies":"Small Slimes","floor":4,"turns":4},{"damage":30,"enemies":"3 Sentries","floor":6,"turns":8},{"damage":0,"enemies":"Blue Slaver","floor":8,"turns":3},{"damage":1,"enemies":"Looter","floor":11,"turns":3},{"damage":4,"enemies":"Exordium Thugs","floor":12,"turns":18},{"damage":6,"enemies":"Blue Slaver","floor":14,"turns":3},{"damage":35,"enemies":"Slime Boss","floor":16,"turns":10},{"damage":11,"enemies":"3 Byrds","floor":18,"turns":5},{"damage":4,"enemies":"Shell Parasite","floor":19,"turns":6},{"damage":45,"enemies":"Book of Stabbing","floor":23,"turns":7},{"damage":30,"enemies":"Snecko","floor":24,"turns":4}],"event_choices":[{"event_name":"The Lab","player_choice":"Got Potions","floor":2,"damage_taken":0},{"event_name":"Living Wall","player_choice":"Grow","floor":5,"damage_taken":0},{"event_name":"Transmorgrifier","player_choice":"Transform","floor":7,"damage_taken":0},{"event_name":"Purifier","player_choice":"One Purge","floor":13,"damage_taken":0},{"event_name":"Cursed Tome","player_choice":"Obtained Book","floor":20,"damage_taken":0},{"event_name":"The Library","player_choice":"Read","floor":21,"damage_taken":0},{"event_name":"Drug Dealer","player_choice":"Got JAXXED","floor":22,"damage_taken":0}],"boss_relics":[{"not_picked":["Velvet Choker","Question Card"],"picked":"Sozu"}],"potions_floor_spawned":[3,6,8,14,18],"seed_played":"8086843751233771685","killed_by":"Snecko","ascension_level":0,"is_trial":false}