{"path_per_floor":["M","M","$","?","M","E","T","R","T","E","M","?","E","?","R","B",null,"M","?","?","$","?","E","?","$","T","E","M","M","R","M","R","B",null,"M","M","$","?","M","R","?","R","T","R","?","M","T","M","R","B"],"character_chosen":"IRONCLAD","items_purchased":["Feed","Shuriken"],"gold_per_floor":[109,119,44,44,64,95,95,95,122,150,161,161,204,204,204,328,328,351,351,351,96,96,131,131,6,6,45,60,83,83,102,102,225,225,239,262,12,12,25,25,25,25,71,71,71,89,113,132,132,132],"floor_reached":51,"campfire_rested":0,"playtime":2548,"current_hp_per_floor":[78,80,80,80,80,72,72,72,72,56,61,41,48,87,87,51,87,87,43,30,30,27,26,26,26,26,39,43,47,47,51,51,44,51,55,59,59,52,59,59,59,59,59,59,49,63,63,67,67,42],"items_purged":["Defend_R","Defend_R","Clash"],"gold":132,"score":776,"play_id":"0b874cbc-b9b3-436f-b6eb-09dfdf2f4c8c","local_time":"20180414170441","is_prod":false,"is_daily":false,"chose_seed":false,"is_ascension_mode":false,"campfire_upgraded":8,"timestamp":1523739881,"path_taken":["M","M","$","?","?","E","?","R","T","E","M","?","E","?","R","BOSS","M","?","?","$","?","E","?","?","T","E","M","?","R","M","R","BOSS","M","M","$","?","M","R","?","R","T","R","?","M","?","M","R","BOSS"],"build_version":"2018-04-13","seed_source_timestamp":448467419626340,"purchased_purges":3,"victory":true,"master_deck":["Defend_R","Defend_R","Bash","Headbutt+1","Flame Barrier","True Grit+1","Rampage+1","Thunderclap+1","Battle Trance","Offering","Pommel Strike+1","Ghostly+1","Ghostly+1","Ghostly+1","Ghostly+1","Ghostly+1","Bite+1","Bite+1","Bite+1","Bite+1","Bite+1","Feed+1","Madness","Madness+1","Ghostly+1","Thinking Ahead"],"max_hp_per_floor":[80,80,80,80,80,80,80,80,80,80,80,80,87,87,87,87,87,87,43,30,30,35,35,35,35,35,39,43,47,47,51,51,51,51,55,59,59,59,59,59,59,59,59,59,59,63,63,67,67,71],"relics":["Burning Blood","Pantograph","Ice Cream","Dream Catcher","Molten Egg 2","Golden Idol","Strawberry","Orrery","Regal Pillow","Dodecahedron","Anchor","Philosopher\u0027s Stone","Shuriken","Happy Flower","Bronze Scales"],"card_choices":[{"not_picked":["Combust","Shrug It Off"],"picked":"Headbutt","floor":1},{"not_picked":["Warcry","True Grit"],"picked":"Flame Barrier","floor":2},{"not_picked":["Twin Strike","Iron Wave"],"picked":"Clash","floor":5},{"not_picked":["Dark Embrace","Dropkick"],"picked":"True Grit","floor":6},{"not_picked":["Seeing Red","Iron Wave"],"picked":"Rampage","floor":10},{"not_picked":["Hemokinesis","Corruption"],"picked":"Thunderclap","floor":11},{"not_picked":["Clash","Bloodletting"],"picked":"Battle Trance","floor":13},{"not_picked":["Double Tap","Fiend Fire"],"picked":"Offering","floor":16},{"not_picked":["Thunderclap","Iron Wave"],"picked":"Pommel Strike","floor":17},{"not_picked":["Mind Blast","Sadistic Nature"],"picked":"Thinking Ahead","floor":45}],"player_experience":0,"potions_floor_usage":[11,50],"damage_taken":[{"damage":8,"enemies":"Jaw Worm","floor":1,"turns":4},{"damage":0,"enemies":"2 Louse","floor":2,"turns":3},{"damage":0,"enemies":"Cultist","floor":5,"turns":3},{"damage":14,"enemies":"3 Sentries","floor":6,"turns":9},{"damage":22,"enemies":"Gremlin Nob","floor":10,"turns":4},{"damage":1,"enemies":"Gremlin Gang","floor":11,"turns":4},{"damage":6,"enemies":"3 Sentries","floor":13,"turns":5},{"damage":42,"enemies":"The Guardian","floor":16,"turns":8},{"damage":4,"enemies":"Spheric Guardian","floor":18,"turns":3},{"damage":27,"enemies":"Gremlin Leader","floor":23,"turns":8},{"damage":10,"enemies":"Slavers","floor":27,"turns":8},{"damage":2,"enemies":"2 Thieves","floor":28,"turns":4},{"damage":3,"enemies":"Snecko","floor":29,"turns":5},{"damage":0,"enemies":"Centurion and Healer","floor":31,"turns":5},{"damage":28,"enemies":"Champ","floor":33,"turns":11},{"damage":3,"enemies":"3 Shapes","floor":35,"turns":4},{"damage":1,"enemies":"Orb Walker","floor":36,"turns":4},{"damage":1,"enemies":"Flame Bruiser 2 Orb","floor":39,"turns":6},{"damage":4,"enemies":"Spire Growth","floor":46,"turns":7},{"damage":5,"enemies":"Sphere and 2 Shapes","floor":48,"turns":4},{"damage":48,"enemies":"Awakened One","floor":50,"turns":11}],"event_choices":[{"event_name":"The Cleric","player_choice":"Leave","floor":4,"damage_taken":0},{"event_name":"Golden Idol","player_choice":"Take Damage","floor":12,"damage_taken":0},{"event_name":"Wheel of Change","player_choice":"Full Heal","floor":14,"damage_taken":0},{"event_name":"Ghosts","player_choice":"Became a Ghost","floor":19,"damage_taken":0},{"event_name":"Vampires","player_choice":"Became a vampire","floor":20,"damage_taken":0},{"event_name":"Forgotten Altar","player_choice":"Shed Blood","floor":22,"damage_taken":0},{"event_name":"Drug Dealer","player_choice":"Ignored","floor":24,"damage_taken":0},{"event_name":"Winding Halls","player_choice":"Embrace Madness","floor":38,"damage_taken":0},{"event_name":"Duplicator","player_choice":"One dupe","floor":41,"damage_taken":0},{"event_name":"SensoryStone","player_choice":"Memory 3","floor":45,"damage_taken":0}],"boss_relics":[{"not_picked":["Snecko Eye","Velvet Choker"],"picked":"Orrery"},{"not_picked":["Astrolabe","Sozu"],"picked":"Philosopher\u0027s Stone"}],"potions_floor_spawned":[5,6,10,23,31,33,36,46],"seed_played":"-3564161906281614167","ascension_level":0,"is_trial":false}