{"path_per_floor":["M","M","$","?","M","R","E","R","T","$","?","?","R","?","R","B",null,"M","$","?","$","?","R","E","R","T","M","?","M","R","M","R"],"character_chosen":"IRONCLAD","items_purchased":["Bag of Preparation","Fire Potion","Twin Strike"],"gold_per_floor":[111,122,47,47,59,59,393,393,419,115,87,87,87,87,87,191,191,203,78,78,26,26,26,61,61,85,98,98,110,110,125,125,125],"floor_reached":33,"campfire_rested":3,"playtime":872,"current_hp_per_floor":[62,57,57,50,49,49,28,28,28,28,28,28,52,52,76,35,69,71,71,71,71,71,71,62,62,62,64,64,39,39,43,68,0],"items_purged":["Defend_R","Defend_R","Clothesline"],"gold":125,"score":414,"play_id":"73b4b842-fca8-4753-9d62-aa9538799035","local_time":"20180411212546","is_prod":false,"is_daily":false,"is_ascension_mode":true,"campfire_upgraded":5,"timestamp":1523496346,"path_taken":["M","M","$","?","?","R","E","R","T","$","?","?","R","?","R","BOSS","M","$","?","$","?","R","E","R","T","?","?","?","R","M","R","BOSS"],"build_version":"2018-04-05v2","purchased_purges":3,"victory":false,"master_deck":["Strike_R","Strike_R","Strike_R","Strike_R","Strike_R","AscendersBane","Double Tap+1","Perfected Strike+1","Perfected Strike+1","Twin Strike","Offering+1","Fiend Fire+1","Wild Strike+1","Twin Strike","Battle Trance","Perfected Strike+1"],"max_hp_per_floor":[80,80,80,80,80,80,80,80,80,80,80,80,80,80,80,80,80,80,80,80,80,80,80,80,80,80,82,82,82,82,84,84,84],"relics":["Burning Blood","Old Coin","Orichalcum","Bag of Preparation","Astrolabe","Ornamental Fan","Oddly Smooth Stone","Singing Bowl"],"card_choices":[{"not_picked":["Shockwave","True Grit"],"picked":"Double Tap","floor":1},{"not_picked":["Body Slam","Armaments"],"picked":"Perfected Strike","floor":2},{"not_picked":["Twin Strike","True Grit"],"picked":"Perfected Strike","floor":5},{"not_picked":["Searing Blow","Infernal Blade"],"picked":"Twin Strike","floor":7},{"not_picked":["Demon Form","Dark Embrace"],"picked":"Reaper","floor":16},{"not_picked":["Heavy Blade","Sword Boomerang"],"picked":"Battle Trance","floor":24},{"not_picked":["Disarm","Heavy Blade"],"picked":"Perfected Strike","floor":29}],"player_experience":304460,"potions_floor_usage":[7,24,33,33,33],"damage_taken":[{"damage":16,"enemies":"Cultist","floor":1,"turns":4},{"damage":11,"enemies":"2 Louse","floor":2,"turns":4},{"damage":7,"enemies":"Jaw Worm","floor":5,"turns":2},{"damage":27,"enemies":"3 Sentries","floor":7,"turns":5},{"damage":47,"enemies":"The Guardian","floor":16,"turns":6},{"damage":4,"enemies":"Chosen","floor":18,"turns":2},{"damage":15,"enemies":"Slavers","floor":24,"turns":4},{"damage":6,"enemies":"3 Byrds","floor":27,"turns":3},{"damage":31,"enemies":"Centurion and Healer","floor":29,"turns":3},{"damage":4,"enemies":"Snecko","floor":31,"turns":1},{"damage":82,"enemies":"Automaton","floor":33,"turns":6}],"event_choices":[{"event_name":"Golden Wing","player_choice":"Card Removal","floor":4,"damage_taken":0},{"event_name":"World of Goop","player_choice":"Left","floor":11,"damage_taken":0},{"event_name":"Match and Keep!","player_choice":"1 cards matched","floor":12,"damage_taken":0},{"event_name":"Transmorgrifier","player_choice":"Transform","floor":14,"damage_taken":0},{"event_name":"The Mausoleum","player_choice":"Yes","floor":20,"damage_taken":0},{"event_name":"Beggar","player_choice":"Ignored","floor":22,"damage_taken":0},{"event_name":"Vampires","player_choice":"Ignored","floor":28,"damage_taken":0}],"boss_relics":[{"not_picked":["Runic Pyramid","Mark of Pain"],"picked":"Astrolabe"}],"potions_floor_spawned":[1,2,24,27,29,31],"seed_played":"-9010353476564446801","killed_by":"Automaton","ascension_level":12,"is_trial":false}