{"path_per_floor":["M","?","$","?","M","E","R","M","T","E","$","M","E","M","R","B",null,"M","M","?","M","?","R","M","R","T","$","?","E","$","M","R"],"character_chosen":"IRONCLAD","items_purchased":["Clash","Block Potion","Shovel","Exhume"],"gold_per_floor":[114,114,10,185,201,235,235,249,273,299,7,24,53,72,72,169,169,186,196,121,135,135,135,146,146,146,71,71,96,19,35,35,35],"floor_reached":33,"campfire_rested":0,"playtime":1576,"current_hp_per_floor":[72,72,72,72,72,72,72,72,72,70,70,72,56,61,61,51,67,51,55,55,57,57,57,52,52,52,52,44,60,60,70,70,0],"items_purged":["Strike_R"],"gold":35,"score":399,"play_id":"44af8550-5e7b-4cf7-a5c9-8093106506c9","local_time":"20180408131533","is_prod":false,"is_daily":false,"is_ascension_mode":true,"campfire_upgraded":1,"timestamp":1523207733,"path_taken":["M","?","$","?","M","E","R","?","T","E","?","?","E","M","R","BOSS","M","M","?","M","?","R","M","R","T","?","?","E","$","M","R","BOSS"],"build_version":"2018-04-05v2","purchased_purges":1,"victory":false,"master_deck":["Strike_R","Strike_R","Strike_R","Defend_R","Defend_R","Defend_R+1","Defend_R","Bash","Inflame","Clash","Intimidate+1","Cleave+1","Headbutt","Dual Wield","Disarm","Feed+1","Inflame+1","Battle Trance","Clash+1","Exhume+1"],"max_hp_per_floor":[72,72,72,72,72,72,72,72,72,72,72,72,72,72,72,72,72,72,76,76,80,80,80,84,84,84,84,84,84,84,88,88,88],"relics":["Burning Blood","Thread and Needle","Happy Flower","War Paint","Question Card","Shovel","Meat on the Bone","Molten Egg 2","Cursed Key","Kunai","Toxic Egg 2","Regal Pillow","Charon\u0027s Ashes"],"card_choices":[{"not_picked":["Cleave","Exhume"],"picked":"Inflame","floor":1},{"not_picked":["Shrug It Off","Havoc"],"picked":"Intimidate","floor":5},{"not_picked":["Pommel Strike","Battle Trance"],"picked":"Cleave","floor":6},{"not_picked":["Wild Strike","Anger"],"picked":"Headbutt","floor":8},{"not_picked":["Hemokinesis","Rampage","Exhume"],"picked":"Dual Wield","floor":13},{"not_picked":["Corruption","Iron Wave","Shockwave"],"picked":"Disarm","floor":14},{"not_picked":["Impervious","Brutality","Immolate"],"picked":"Feed","floor":16},{"not_picked":["Anger","Cleave","Body Slam"],"picked":"Inflame","floor":21},{"not_picked":["Shrug It Off","Armaments","Fire Breathing"],"picked":"Clash","floor":29}],"player_experience":212512,"potions_floor_usage":[10,16,29],"damage_taken":[{"damage":0,"enemies":"2 Louse","floor":1,"turns":3},{"damage":0,"enemies":"Small Slimes","floor":5,"turns":4},{"damage":4,"enemies":"3 Sentries","floor":6,"turns":10},{"damage":0,"enemies":"Jaw Worm","floor":8,"turns":3},{"damage":8,"enemies":"Gremlin Nob","floor":10,"turns":4},{"damage":0,"enemies":"Exordium Wildlife","floor":12,"turns":2},{"damage":22,"enemies":"Lagavulin","floor":13,"turns":8},{"damage":1,"enemies":"3 Louse","floor":14,"turns":2},{"damage":28,"enemies":"Hexaghost","floor":16,"turns":10},{"damage":22,"enemies":"Shell Parasite","floor":18,"turns":5},{"damage":6,"enemies":"3 Byrds","floor":19,"turns":6},{"damage":8,"enemies":"3 Cultists","floor":21,"turns":5},{"damage":15,"enemies":"Slaver and Parasite","floor":24,"turns":4},{"damage":2,"enemies":"Slavers","floor":29,"turns":5},{"damage":0,"enemies":"Snake Plant","floor":31,"turns":2},{"damage":93,"enemies":"Champ","floor":33,"turns":6}],"event_choices":[{"event_name":"Living Wall","player_choice":"Forget","floor":2,"damage_taken":0},{"event_name":"Liars Game","player_choice":"agreed","floor":4,"damage_taken":0},{"event_name":"Beggar","player_choice":"Gave Gold","floor":20,"damage_taken":0},{"event_name":"The Library","player_choice":"Read","floor":22,"damage_taken":0},{"event_name":"Wheel of Change","player_choice":"Damage","floor":28,"damage_taken":0}],"boss_relics":[{"not_picked":["Runic Cube","Snecko Eye"],"picked":"Cursed Key"}],"potions_floor_spawned":[1,5,12,14,18,19,29],"seed_played":"-2762978566091449028","killed_by":"Champ","ascension_level":8,"is_trial":false}