{"path_per_floor":["M","?","?","M","M","E","?","E","T","M","?","R","E","M","R"],"character_chosen":"IRONCLAD","items_purchased":[],"gold_per_floor":[116,116,41,56,72,108,108,146,217,240,240,240,275,311,311,361],"floor_reached":16,"campfire_rested":0,"playtime":874,"current_hp_per_floor":[74,48,48,54,60,36,36,20,20,24,49,49,35,37,37,0],"items_purged":[],"gold":361,"score":210,"play_id":"fc8c8ffc-2dc4-450e-a43a-20d121cecfa3","local_time":"20180412150741","is_prod":false,"is_daily":false,"is_ascension_mode":true,"campfire_upgraded":6,"timestamp":1523560061,"path_taken":["M","?","?","M","M","E","?","E","T","M","?","R","E","?","R","BOSS"],"build_version":"2018-04-05v2","purchased_purges":0,"victory":false,"master_deck":["Strike_R","Strike_R","Strike_R","Strike_R","Strike_R","Defend_R","Defend_R","Defend_R","Bash+1","AscendersBane","Battle Trance","Hemogenesis+","Pommel Strike+1","Carnage+1","Clothesline+1","Shrug It Off","Evolve+1"],"max_hp_per_floor":[75,75,75,75,75,75,75,75,75,75,75,75,75,75,75,75],"relics":["Burning Blood","NeowsBlessing","Golden Idol","Centennial Puzzle","Arrowhead","Bottled Lightning","Bandana"],"card_choices":[{"not_picked":["Flex","Burning Pact"],"picked":"Battle Trance","floor":1},{"not_picked":["Abandon","Body Slam"],"picked":"Hemogenesis","floor":4},{"not_picked":["Clothesline","Body Slam"],"picked":"Pommel Strike","floor":5},{"not_picked":["Berserk","Sword Boomerang"],"picked":"Carnage","floor":6},{"not_picked":["Sentinel","Rampage"],"picked":"Clothesline","floor":8},{"not_picked":["Flame Barrier","True Grit"],"picked":"Shrug It Off","floor":13},{"not_picked":["Berserk","Power Through"],"picked":"Evolve","floor":14}],"player_experience":335373,"potions_floor_usage":[8,16,16],"damage_taken":[{"damage":0,"enemies":"Small Slimes","floor":1,"turns":1},{"damage":0,"enemies":"Jaw Worm","floor":4,"turns":1},{"damage":0,"enemies":"2 Louse","floor":5,"turns":1},{"damage":35,"enemies":"Gremlin Nob","floor":6,"turns":5},{"damage":27,"enemies":"3 Sentries","floor":8,"turns":7},{"damage":7,"enemies":"Large Slime","floor":10,"turns":5},{"damage":25,"enemies":"Lagavulin","floor":13,"turns":6},{"damage":12,"enemies":"Exordium Wildlife","floor":14,"turns":5},{"damage":45,"enemies":"Hexaghost","floor":16,"turns":10}],"event_choices":[{"event_name":"Golden Idol","player_choice":"Take Damage","floor":2,"damage_taken":0},{"event_name":"The Cleric","player_choice":"Card Removal","floor":3,"damage_taken":0},{"event_name":"Shining Light","player_choice":"Ignored","floor":7,"damage_taken":0},{"event_name":"Big Fish","player_choice":"Banana","floor":11,"damage_taken":0}],"boss_relics":[],"potions_floor_spawned":[4,8,13],"seed_played":"-6836028243469279024","killed_by":"Hexaghost","ascension_level":15,"is_trial":false}