{"path_per_floor":["M","?","$","?","$","R","E","M","T","M","R","$","R","E","R","B",null,"M","?","?","?","T","R","E","R","T","R","M","$","?","M","R","B",null,"M","?","$","?","?","R","E","R","T","E","$","R","?","?","R","B"],"character_chosen":"IRONCLAD","items_purchased":["Flex","Secret Weapon","Enlightenment","War Paint","Whirlwind"],"gold_per_floor":[111,111,88,163,163,163,197,214,214,232,232,52,52,77,77,181,181,197,197,112,112,112,112,147,147,202,202,217,20,20,38,38,133,133,146,146,3,3,0,0,32,32,77,110,77,77,77,77,77,77],"floor_reached":51,"campfire_rested":6,"playtime":5427,"current_hp_per_floor":[80,80,80,69,69,69,46,48,48,54,54,54,54,48,72,26,80,80,80,80,80,80,80,24,48,48,48,39,39,39,43,67,46,80,58,58,58,58,58,80,58,80,80,80,80,80,80,80,87,51],"items_purged":[],"gold":77,"play_id":"996c2b8b-9042-44af-8105-b34ad34e3ba4","is_prod":false,"is_daily":false,"campfire_rituals":0,"campfire_upgraded":6,"is_hardmode":false,"path_taken":["M","?","$","?","?","R","E","?","T","M","R","?","R","E","R","BOSS","M","?","?","?","?","R","E","R","T","R","M","$","?","M","R","BOSS","M","?","?","?","?","R","E","R","T","E","$","R","?","?","R","BOSS"],"build_version":"2018-01-11-PROD2","purchased_purges":1,"victory":true,"master_deck":["Strike_R","Strike_R","Strike_R","Strike_R","Strike_R","Defend_R","Defend_R","Defend_R","Defend_R","Bash","Heavy Blade","Flex","Sword Boomerang","Sword Boomerang","Flex","Secret Weapon","Fiend Fire","Demon Form","Cleave","Enlightenment","Offering","Twin Strike","Twin Strike","Double Tap","Whirlwind","Demon Form"],"max_hp_per_floor":[80,80,80,80,80,80,80,80,80,80,80,80,80,80,80,80,80,80,80,80,80,80,80,80,80,80,80,80,80,80,80,80,80,80,80,80,80,80,80,80,80,80,80,87,87,87,87,87,87,87],"relics":["Burning Blood","Anchor","Kunai","Centennial Puzzle","Sozu","Dream Catcher","Juzu Bracelet","Frozen Eye","Gremlin Horn","Prayer Wheel","Lizard Tail","War Paint","Red Mask","Toolbox","Whetstone","Strawberry"],"campfire_meditates":0,"card_choices":[{"not_picked":["Headbutt","Dual Wield"],"picked":"Heavy Blade"},{"not_picked":["Barricade","Warcry"],"picked":"Sword Boomerang"},{"not_picked":["Iron Wave","Pummel"],"picked":"Sword Boomerang"},{"not_picked":["Clash","Rampage"],"picked":"Flex"},{"not_picked":["Flame Barrier","Shrug It Off"],"picked":"Fiend Fire"},{"not_picked":["Impervious","Berserk"],"picked":"Demon Form"},{"not_picked":["Dropkick","Fire Breathing"],"picked":"Cleave"},{"not_picked":["Feed","Barricade"],"picked":"Offering"},{"not_picked":["Anger","Thunderclap"],"picked":"Twin Strike"},{"not_picked":["True Grit","Iron Wave"],"picked":"Twin Strike"},{"not_picked":["Warcry","Anger"],"picked":"Double Tap"}],"player_experience":73272,"potions_floor_usage":[14,14,16],"damage_taken":[{"damage":1,"enemies":"Cultist","floor":1,"turns":3},{"damage":29,"enemies":"Gremlin Nob","floor":7,"turns":4},{"damage":4,"enemies":"Blue Slaver","floor":8,"turns":3},{"damage":0,"enemies":"Small Slimes","floor":10,"turns":2},{"damage":12,"enemies":"3 Sentries","floor":14,"turns":6},{"damage":52,"enemies":"Slime Boss","floor":16,"turns":10},{"damage":0,"enemies":"Chosen","floor":18,"turns":2},{"damage":62,"enemies":"Slavers","floor":24,"turns":5},{"damage":15,"enemies":"2 Thieves","floor":28,"turns":3},{"damage":2,"enemies":"3 Cultists","floor":31,"turns":3},{"damage":27,"enemies":"Collector","floor":33,"turns":6},{"damage":28,"enemies":"3 Darklings","floor":35,"turns":3},{"damage":28,"enemies":"Giant Head","floor":41,"turns":7},{"damage":13,"enemies":"2 Orb Walkers","floor":44,"turns":3},{"damage":42,"enemies":"Awakened One","floor":50,"turns":6}],"event_choices":[{"event_name":"The Lab","player_choice":"Got Potions","floor":2,"damage_taken":0},{"event_name":"World of Goop","player_choice":"Gather Gold","floor":4,"damage_taken":0},{"event_name":"The Mausoleum","player_choice":"Yes","floor":19,"damage_taken":0},{"event_name":"Addict","player_choice":"Obtained Relic","floor":20,"damage_taken":0},{"event_name":"Beggar","player_choice":"Ignored","floor":21,"damage_taken":0},{"event_name":"Back to Basics","player_choice":"Simplicity","floor":30,"damage_taken":0},{"event_name":"Accursed Blacksmith","player_choice":"Forge","floor":36,"damage_taken":0},{"event_name":"Mysterious Sphere","player_choice":"Ignore","floor":38,"damage_taken":0},{"event_name":"Tomb of Lord Red Mask","player_choice":"Paid","floor":39,"damage_taken":0},{"event_name":"Duplicator","player_choice":"One dupe","floor":47,"damage_taken":0},{"event_name":"Golden Shrine","player_choice":"Skipped","floor":48,"damage_taken":0}],"boss_relics":[{"not_picked":["Philosopher\u0027s Stone","Mark of Pain"],"picked":"Sozu"},{"not_picked":["White Beast Statue","Astrolabe"],"picked":"Lizard Tail"}],"potions_floor_spawned":[8,24,33,44],"seed_played":"-3044759368836387850","is_trial":false}