{"path_per_floor":["M","?","?","T","M","M","?","R","T","E","M","M","M","M","R","B",null,"M","$","?","?","M","R","E","M","T","M"],"character_chosen":"IRONCLAD","items_purchased":[],"gold_per_floor":[117,117,117,142,162,177,177,177,177,221,236,259,282,307,307,435,435,413,338,338,253,266,266,304,329,329,350],"floor_reached":28,"campfire_rested":2,"playtime":3852,"current_hp_per_floor":[72,65,47,54,60,66,66,66,66,38,24,21,20,22,45,51,79,53,53,53,53,57,79,53,43,43,30],"items_purged":["Defend_R"],"gold":350,"play_id":"92631910-7488-442c-82c1-701c31d40d61","is_prod":false,"is_daily":false,"is_ascension_mode":true,"campfire_upgraded":1,"path_taken":["M","?","?","?","?","M","?","R","T","E","M","M","M","M","R","BOSS","M","$","?","?","?","R","E","M","T","?","M"],"build_version":"2018-01-25-PROD3","purchased_purges":3,"victory":false,"master_deck":["Strike_R","Strike_R","Strike_R","Defend_R","Defend_R","Defend_R","Entrench","Ghostly Armor","Armaments+1","Barricade","Disarm","Demon Form","Regret"],"max_hp_per_floor":[72,72,72,79,79,79,79,79,79,79,79,79,79,79,79,79,79,79,79,79,79,79,79,79,79,79,79],"relics":["Burning Blood","Golden Idol","Strawberry","Unceasing Top","Champion Belt","Cursed Key","Pen Nib","Orichalcum","Shovel"],"card_choices":[{"not_picked":["Sentinel","Body Slam"],"picked":"Ghostly Armor"},{"not_picked":["Flex","Reaper"],"picked":"Armaments"},{"not_picked":["Heavy Blade","Evolve"],"picked":"Barricade"},{"not_picked":["True Grit","Anger"],"picked":"Disarm"},{"not_picked":["Clash","Pommel Strike"],"picked":"Demon Form"}],"player_experience":241736,"potions_floor_usage":[28],"damage_taken":[{"damage":2.0,"enemies":"Jaw Worm","floor":1.0,"turns":3.0},{"damage":0.0,"enemies":"Small Slimes","floor":5.0,"turns":7.0},{"damage":0.0,"enemies":"Cultist","floor":6.0,"turns":4.0},{"damage":34.0,"enemies":"Gremlin Nob","floor":10.0,"turns":5.0},{"damage":20.0,"enemies":"Exordium Wildlife","floor":11.0,"turns":8.0},{"damage":9.0,"enemies":"Looter","floor":12.0,"turns":3.0},{"damage":22.0,"enemies":"Gremlin Gang","floor":13.0,"turns":9.0},{"damage":4.0,"enemies":"3 Louse","floor":14.0,"turns":5.0},{"damage":0.0,"enemies":"Slime Boss","floor":16.0,"turns":34.0},{"damage":32.0,"enemies":"2 Thieves","floor":18.0,"turns":5.0},{"damage":2.0,"enemies":"Shell Parasite","floor":22.0,"turns":17.0},{"damage":32.0,"enemies":"Slavers","floor":24.0,"turns":17.0},{"damage":16.0,"enemies":"Centurion and Healer","floor":25.0,"turns":12.0},{"damage":19.0,"enemies":"Snecko","floor":27.0,"turns":6.0},{"damage":44,"enemies":"3 Cultists","floor":28,"turns":5}],"event_choices":[{"event_name":"Golden Wing","player_choice":"Card Removal","floor":2.0,"damage_taken":0.0},{"event_name":"Golden Idol","player_choice":"Take Damage","floor":3.0,"damage_taken":0.0},{"event_name":"Scrap Ooze","player_choice":"unsuccessful","floor":7.0,"damage_taken":0.0},{"event_name":"Back to Basics","player_choice":"Elegance","floor":20.0,"damage_taken":0.0},{"event_name":"Addict","player_choice":"Obtained Relic","floor":21.0,"damage_taken":0.0}],"boss_relics":[],"potions_floor_spawned":[1,5,13,14,18,24],"seed_played":"-1302415506328055181","killed_by":"3 Cultists","ascension_level":2,"is_trial":false}