{"path_per_floor":["M","?","$","?","M","R","E","R","T","M","R","M","?","?","R","B",null,"M","?","$","?","$","E","R","?","T","$","M","$","M","T","R"],"character_chosen":"IRONCLAD","items_purchased":["Whetstone"],"gold_per_floor":[17,17,17,17,30,30,61,61,134,154,154,164,164,164,164,259,259,276,176,101,351,108,141,141,141,166,41,54,54,66,66,66],"floor_reached":33,"campfire_rested":3,"playtime":1918,"current_hp_per_floor":[80,80,80,80,73,73,29,53,53,53,77,67,67,67,67,19,80,58,58,58,58,58,21,45,45,45,45,48,48,53,53,53],"items_purged":["Regret","Regret","Decay"],"gold":66,"play_id":"17c6c2ce-5e1d-4e58-ab06-a7701e79b6f9","is_prod":false,"is_daily":false,"is_ascension_mode":false,"campfire_upgraded":3,"path_taken":["M","?","$","?","M","R","E","R","T","M","R","?","?","?","R","BOSS","M","?","$","?","$","E","R","?","T","$","M","?","M","?","R","BOSS"],"build_version":"2018-01-25-PROD3","purchased_purges":3,"victory":false,"master_deck":["Strike_R","Strike_R","Strike_R+1","Defend_R","Defend_R","Defend_R","Bash","Rampage+1","Searing Blow+2","Flex","Armaments+1","Double Tap","J.A.X."],"max_hp_per_floor":[80,80,80,80,80,80,80,80,80,80,80,80,80,80,80,80,80,80,80,80,80,80,80,80,80,80,80,80,80,80,80,80],"relics":["Burning Blood","Dream Catcher","Charon\u0027s Ashes","Meat on the Bone","Pantograph","Sozu","Whetstone","Orichalcum","Regal Pillow","Dodecahedron"],"card_choices":[{"not_picked":["Battle Trance","Flame Barrier"],"picked":"Rampage"},{"not_picked":["Infernal Blade","Immolate"],"picked":"Searing Blow"},{"not_picked":["Shockwave","Shrug It Off"],"picked":"Flex"},{"not_picked":["Iron Wave","Hemokinesis"],"picked":"Armaments"},{"not_picked":["Bludgeon","Brutality"],"picked":"Double Tap"}],"player_experience":229219,"potions_floor_usage":[],"damage_taken":[{"damage":5.0,"enemies":"Small Slimes","floor":1.0,"turns":3.0},{"damage":13.0,"enemies":"Blue Slaver","floor":5.0,"turns":5.0},{"damage":50.0,"enemies":"Lagavulin","floor":7.0,"turns":7.0},{"damage":6.0,"enemies":"2 Louse","floor":10.0,"turns":2.0},{"damage":16.0,"enemies":"Lots of Slimes","floor":12.0,"turns":6.0},{"damage":79.0,"enemies":"Slime Boss","floor":16.0,"turns":13.0},{"damage":40.0,"enemies":"2 Thieves","floor":18.0,"turns":4.0},{"damage":55.0,"enemies":"Gremlin Leader","floor":23.0,"turns":10.0},{"damage":15.0,"enemies":"3 Byrds","floor":28.0,"turns":5.0},{"damage":13.0,"enemies":"3 Cultists","floor":30.0,"turns":4.0},{"damage":88,"enemies":"Automaton","floor":33,"turns":6}],"event_choices":[{"event_name":"Bonfire Elementals","player_choice":"BASIC","floor":2.0,"damage_taken":0.0},{"event_name":"Accursed Blacksmith","player_choice":"Rummage","floor":4.0,"damage_taken":0.0},{"event_name":"Fountain of Cleansing","player_choice":"Removed Curse","floor":13.0,"damage_taken":0.0},{"event_name":"Big Fish","player_choice":"Box","floor":14.0,"damage_taken":0.0},{"event_name":"Drug Dealer","player_choice":"Got JAXXED","floor":19.0,"damage_taken":0.0},{"event_name":"Golden Shrine","player_choice":"Desecrate","floor":21.0,"damage_taken":0.0},{"event_name":"Forgotten Altar","player_choice":"Smashed Altar","floor":25.0,"damage_taken":0.0}],"boss_relics":[],"potions_floor_spawned":[7,12,16,30],"seed_played":"-4961916917594851684","killed_by":"Automaton","ascension_level":0,"is_trial":false}