{"path_per_floor":["M","M","M","?","M","?","M","?","T","M","?","?","M","M","R","B",null,"M","?","$","M","M","R","E","R","T","?","?","M","M","?","R","B",null,"M","M","M","$","?","R","M","M","T","R","?","$","R","E","R","B"],"character_chosen":"IRONCLAD","items_purchased":["Armaments","Pen Nib","Apotheosis","Flex"],"gold_per_floor":[16,27,42,42,57,57,75,150,177,193,193,193,204,223,223,328,328,345,260,52,71,81,81,107,107,107,107,107,124,142,142,142,247,277,296,307,326,44,44,44,55,67,67,67,67,42,42,73,73,73],"floor_reached":51,"campfire_rested":5,"playtime":3063,"current_hp_per_floor":[72,77,80,77,58,58,56,45,45,49,49,42,47,55,79,27,80,78,78,78,72,79,79,36,61,61,45,30,40,50,50,78,52,102,104,83,71,71,71,71,73,62,62,95,95,95,95,77,111,20],"items_purged":["Armaments"],"gold":73,"play_id":"36408989-71fe-45e7-8f02-a0c6019d0f8d","is_prod":false,"is_daily":false,"is_ascension_mode":false,"campfire_upgraded":3,"path_taken":["M","M","M","?","M","?","?","?","T","M","?","?","M","?","R","BOSS","M","?","$","M","M","R","E","R","T","?","?","M","?","?","R","BOSS","M","M","M","?","?","R","M","M","T","R","?","$","R","E","R","BOSS"],"build_version":"2018-01-25-PROD3","purchased_purges":5,"victory":true,"master_deck":["Strike_R","Strike_R","Strike_R","Defend_R","Defend_R","Defend_R","Heavy Blade","Iron Wave","Battle Trance","Whirlwind","Inflame","Offering+1","Necronomicurse","Limit Break","Apotheosis+1","Flex"],"max_hp_per_floor":[80,80,80,80,80,80,80,80,80,80,80,80,80,80,80,80,80,80,80,80,82,84,84,86,86,86,86,91,93,95,95,95,95,102,104,106,108,108,108,108,110,112,112,112,112,112,112,114,114,114],"relics":["Black Blood","Dodecahedron","Blood Vial","Art of War","Bag of Preparation","Singing Bowl","Pen Nib","Bottled Lightning","Bronze Scales","Necronomicon","Tiny House","Torii","Mercury Hourglass"],"card_choices":[{"not_picked":["Disarm","Shrug It Off"],"picked":"Heavy Blade"},{"not_picked":["Dual Wield","Heavy Blade"],"picked":"Iron Wave"},{"not_picked":["Combust","Thunderclap"],"picked":"Battle Trance"},{"not_picked":["Armaments","Clash"],"picked":"Whirlwind"},{"not_picked":["Heavy Blade","Body Slam"],"picked":"Inflame"},{"not_picked":["Juggernaut","Limit Break"],"picked":"Offering"},{"not_picked":["Feed","Reaper"],"picked":"Limit Break"}],"player_experience":207638,"potions_floor_usage":[13,13,13,18,24,29,37,42,50,50],"damage_taken":[{"damage":14,"enemies":"Small Slimes","floor":1,"turns":4},{"damage":1,"enemies":"Cultist","floor":2,"turns":3},{"damage":2,"enemies":"2 Louse","floor":3,"turns":3},{"damage":25,"enemies":"Gremlin Gang","floor":5,"turns":5},{"damage":10,"enemies":"3 Louse","floor":7,"turns":3},{"damage":4,"enemies":"2 Fungi Beasts","floor":10,"turns":3},{"damage":3,"enemies":"Gremlin Gang","floor":13,"turns":3},{"damage":0,"enemies":"Large Slime","floor":14,"turns":4},{"damage":59,"enemies":"The Guardian","floor":16,"turns":10},{"damage":12,"enemies":"Chosen","floor":18,"turns":4},{"damage":20,"enemies":"Shell Parasite","floor":21,"turns":5},{"damage":7,"enemies":"Snecko","floor":22,"turns":4},{"damage":57,"enemies":"Book of Stabbing","floor":24,"turns":6},{"damage":4,"enemies":"Snake Plant","floor":29,"turns":2},{"damage":4,"enemies":"Sentry and Sphere","floor":30,"turns":3},{"damage":38,"enemies":"Automaton","floor":33,"turns":6},{"damage":6,"enemies":"3 Darklings","floor":35,"turns":2},{"damage":33,"enemies":"3 Shapes","floor":36,"turns":1},{"damage":26,"enemies":"Maw","floor":37,"turns":6},{"damage":12,"enemies":"Sphere and 2 Shapes","floor":41,"turns":2},{"damage":25,"enemies":"4 Shapes","floor":42,"turns":7},{"damage":32,"enemies":"Nemesis","floor":48,"turns":4},{"damage":103,"enemies":"Donu and Deca","floor":50,"turns":7}],"event_choices":[{"event_name":"Scrap Ooze","player_choice":"success","floor":4,"damage_taken":3},{"event_name":"Big Fish","player_choice":"Box","floor":6,"damage_taken":0},{"event_name":"World of Goop","player_choice":"Gather Gold","floor":8,"damage_taken":0},{"event_name":"Dead Adventurer","player_choice":"Searched \u00272\u0027 times","floor":11,"damage_taken":0},{"event_name":"Golden Wing","player_choice":"Card Removal","floor":12,"damage_taken":0},{"event_name":"Addict","player_choice":"Obtained Relic","floor":19,"damage_taken":0},{"event_name":"Cursed Tome","player_choice":"Obtained Book","floor":27,"damage_taken":0},{"event_name":"Forgotten Altar","player_choice":"Shed Blood","floor":28,"damage_taken":0},{"event_name":"Back to Basics","player_choice":"Elegance","floor":31,"damage_taken":0},{"event_name":"The Lab","player_choice":"Got Potions","floor":45,"damage_taken":0}],"boss_relics":[{"not_picked":["Philosopher\u0027s Stone","Mark of Pain"],"picked":"Black Blood"},{"not_picked":["Orrery","Runic Dome"],"picked":"Tiny House"}],"potions_floor_spawned":[1,2,10,16,22,24,30,33,35,48],"seed_played":"-6799025012238336835","ascension_level":0,"is_trial":false}