{"path_per_floor":["M","?","$","M","?","R","M","?","T","R","E","$","R","?","R","B",null,"M","$","M"],"character_chosen":"IRONCLAD","items_purchased":["Inflame","Bag of Preparation","Prayer Wheel","Flex"],"gold_per_floor":[361,436,130,140,315,315,332,357,382,382,410,155,155,155,155,278,278,299,129,150],"floor_reached":21,"campfire_rested":2,"playtime":1068,"current_hp_per_floor":[70,59,59,65,65,65,67,40,40,64,30,30,54,54,54,26,62,22,22,11],"items_purged":["Decay","Doubt","Defend_R"],"gold":150,"play_id":"85beb8b3-a343-41a1-9167-4a8e3a99288b","is_prod":false,"is_daily":false,"is_ascension_mode":true,"campfire_upgraded":2,"path_taken":["M","?","$","M","?","R","M","?","T","R","E","$","R","?","R","BOSS","M","?","M","M"],"build_version":"2018-02-01-PROD3","purchased_purges":3,"victory":false,"master_deck":["Strike_R","Strike_R","Strike_R","Strike_R","Strike_R","Defend_R","Defend_R","Defend_R","Bash","Flex+1","Inflame+1","Seeing Red","Seeing Red","Reaper","Limit Break","Flex"],"max_hp_per_floor":[80,80,80,80,80,80,80,80,80,80,80,80,80,74,74,74,74,74,74,74],"relics":["Burning Blood","Bag of Preparation","Odd Mushroom","Juzu Bracelet","Ice Cream","Prayer Wheel","Golden Idol","Black Star"],"card_choices":[{"not_picked":["Spot Weakness","Shrug It Off"],"picked":"Flex"},{"not_picked":["Armaments","Twin Strike"],"picked":"Seeing Red"},{"not_picked":["Feel No Pain","Twin Strike"],"picked":"Seeing Red"},{"not_picked":["Twin Strike","Shrug It Off"],"picked":"Reaper"},{"not_picked":["Berserk","Brutality"],"picked":"Limit Break"}],"player_experience":299149,"potions_floor_usage":[16,16],"damage_taken":[{"damage":8,"enemies":"2 Louse","floor":1,"turns":4},{"damage":0,"enemies":"Cultist","floor":4,"turns":4},{"damage":4,"enemies":"Small Slimes","floor":7,"turns":4},{"damage":33,"enemies":"The Mushroom Lair","floor":8,"turns":5},{"damage":40,"enemies":"Gremlin Nob","floor":11,"turns":5},{"damage":45,"enemies":"The Guardian","floor":16,"turns":7},{"damage":60,"enemies":"Shell Parasite","floor":18,"turns":5},{"damage":33,"enemies":"Chosen","floor":20,"turns":4},{"damage":38,"enemies":"Centurion and Healer","floor":21,"turns":4}],"event_choices":[{"event_name":"World of Goop","player_choice":"Gather Gold","floor":2,"damage_taken":0},{"event_name":"Liars Game","player_choice":"agreed","floor":5,"damage_taken":0},{"event_name":"Mushrooms","player_choice":"Fought Mushrooms","floor":8,"damage_taken":0},{"event_name":"Golden Idol","player_choice":"Lose Max HP","floor":14,"damage_taken":0}],"boss_relics":[{"not_picked":["Snecko Eye","Tiny House"],"picked":"Black Star"}],"potions_floor_spawned":[1,8,16,18,20],"seed_played":"-3893317499495108579","killed_by":"Centurion and Healer","ascension_level":6,"is_trial":false}