{"path_per_floor":["M","?","$","M","?","M","R","$","T","M","R","$","?","M","R","B",null,"M","$","M","?","M","R","M","R","T","?","$","E","R","M","R","B",null,"M","M","M","$","?","R","M","R","T","R","M","R","M","M","R","B"],"character_chosen":"IRONCLAD","items_purchased":["Mercury Hourglass","Metallicize","Panacea","Armaments","Metallicize","Whetstone","Oddly Smooth Stone","Lantern"],"gold_per_floor":[368,668,179,192,442,452,452,352,352,364,364,11,11,22,22,118,118,88,88,98,98,114,114,128,128,128,43,43,69,69,84,84,188,188,203,222,235,21,0,0,16,16,16,16,27,27,44,62,62,62],"floor_reached":51,"campfire_rested":3,"playtime":3968,"current_hp_per_floor":[80,80,80,80,80,80,80,80,80,71,71,71,71,74,74,69,80,72,72,74,74,69,69,57,57,57,57,57,32,56,53,77,61,80,61,63,61,61,61,61,41,65,65,65,63,63,71,71,71,31],"items_purged":["Normality","Regret","Regret"],"gold":62,"play_id":"ff8c5b46-2f42-41a1-9909-f541c617ffa2","is_prod":false,"is_daily":false,"is_ascension_mode":false,"campfire_upgraded":6,"path_taken":["M","?","$","M","?","M","R","$","T","M","R","$","?","M","R","BOSS","M","$","M","?","M","R","M","R","T","?","?","E","R","M","R","BOSS","M","M","M","$","?","R","M","R","T","R","M","R","M","M","R","BOSS"],"build_version":"2018-01-25-PROD3","purchased_purges":4,"victory":true,"master_deck":["Strike_R+1","Strike_R","Strike_R","Defend_R","Defend_R","Defend_R","Defend_R","Bash","Metallicize","Panacea","Searing Blow+5","Iron Wave+1","Armaments+1","Metallicize","Metallicize","Juggernaut","Flame Barrier","Impervious","Disarm+1","Demon Form","Metallicize"],"max_hp_per_floor":[80,80,80,80,80,80,80,80,80,80,80,80,80,80,80,80,80,80,80,80,80,80,80,80,80,80,80,80,80,80,80,80,80,80,80,80,80,80,80,80,80,80,80,80,80,80,80,80,80,80],"relics":["Burning Blood","Old Coin","Mercury Hourglass","The Courier","Whetstone","Oddly Smooth Stone","Mummified Hand","Bronze Scales","Blood Vial","Gambling Chip","Velvet Choker","Lantern","Red Mask","Peace Pipe"],"card_choices":[{"not_picked":["Sword Boomerang","True Grit"],"picked":"Searing Blow"},{"not_picked":["Warcry","Clothesline"],"picked":"Iron Wave"},{"not_picked":["Anger","Second Wind"],"picked":"Metallicize"},{"not_picked":["Fiend Fire","Impervious"],"picked":"Juggernaut"},{"not_picked":["Flex","Clothesline"],"picked":"Flame Barrier"},{"not_picked":["True Grit","Thunderclap"],"picked":"Impervious"},{"not_picked":["Headbutt","Clothesline"],"picked":"Disarm"},{"not_picked":["Feed","Brutality"],"picked":"Demon Form"},{"not_picked":["Pommel Strike","Headbutt"],"picked":"Metallicize"}],"player_experience":223087,"potions_floor_usage":[24,29,29,33,50,50,50],"damage_taken":[{"damage":0.0,"enemies":"Small Slimes","floor":1.0,"turns":3.0},{"damage":1.0,"enemies":"Cultist","floor":4.0,"turns":4.0},{"damage":2.0,"enemies":"2 Louse","floor":6.0,"turns":3.0},{"damage":15.0,"enemies":"Exordium Thugs","floor":10.0,"turns":6.0},{"damage":3.0,"enemies":"Gremlin Gang","floor":14.0,"turns":4.0},{"damage":11.0,"enemies":"The Guardian","floor":16.0,"turns":11.0},{"damage":14,"enemies":"2 Thieves","floor":18,"turns":5},{"damage":4,"enemies":"Spheric Guardian","floor":20,"turns":6},{"damage":11,"enemies":"Snecko","floor":22,"turns":5},{"damage":33,"enemies":"3 Cultists","floor":24,"turns":7},{"damage":48,"enemies":"Gremlin Leader","floor":29,"turns":10},{"damage":11,"enemies":"Snake Plant","floor":31,"turns":2},{"damage":24,"enemies":"Champ","floor":33,"turns":15},{"damage":25,"enemies":"3 Darklings","floor":35,"turns":5},{"damage":6,"enemies":"3 Shapes","floor":36,"turns":6},{"damage":10,"enemies":"3 Darklings","floor":37,"turns":7},{"damage":28,"enemies":"4 Shapes","floor":41,"turns":8},{"damage":10,"enemies":"Sphere and 2 Shapes","floor":45,"turns":5},{"damage":0,"enemies":"3 Darklings","floor":47,"turns":4},{"damage":8,"enemies":"4 Shapes","floor":48,"turns":6},{"damage":48,"enemies":"Awakened One","floor":50,"turns":15}],"event_choices":[{"event_name":"Accursed Blacksmith","player_choice":"Rummage","floor":2.0,"damage_taken":0.0},{"event_name":"Golden Shrine","player_choice":"Desecrate","floor":5.0,"damage_taken":0.0},{"event_name":"Big Fish","player_choice":"Box","floor":13.0,"damage_taken":0.0},{"event_name":"Vampires","player_choice":"Ignored","floor":21,"damage_taken":0},{"event_name":"Addict","player_choice":"Obtained Relic","floor":27,"damage_taken":0},{"event_name":"Tomb of Lord Red Mask","player_choice":"Paid","floor":39,"damage_taken":0}],"boss_relics":[{"not_picked":["Runic Pyramid","Philosopher\u0027s Stone","Pandora\u0027s Box"]},{"not_picked":["Astrolabe","Eternal Feather"],"picked":"Velvet Choker"}],"potions_floor_spawned":[10,14,20,22,24,29,35,45],"seed_played":"8396995149008497697","ascension_level":0,"is_trial":false}