{"path_per_floor":["M","?","$","M","M","E","R","M","T","R","M","M","M","M","R","B",null,"M","$","M","?","M","E","$","R","T","$","M","E","R","M","R","B",null,"M","?","?","?","M","R","M","$","T","E","?","E","R","E","R","B"],"character_chosen":"IRONCLAD","items_purchased":["Flex","Gremlin Horn","Fire Potion","Flex","Strawberry","Pummel","Offering","Bottled Tornado","Secret Technique","Flex"],"gold_per_floor":[363,363,9,33,49,83,83,101,101,101,122,142,163,186,186,316,316,339,66,89,89,112,145,74,74,74,6,27,67,67,85,85,204,204,229,229,562,562,580,580,592,11,11,40,40,68,68,100,100,100],"floor_reached":51,"campfire_rested":4,"playtime":3076,"current_hp_per_floor":[46,46,46,50,54,35,59,52,52,76,65,65,67,68,68,50,64,64,71,71,55,36,37,37,62,62,62,55,53,78,80,80,21,85,71,71,71,71,73,73,67,67,67,65,85,83,83,85,85,27],"items_purged":["Injury","Entrench"],"gold":100,"play_id":"60ebac01-3934-4d4c-b1c3-6def231d743f","is_prod":false,"is_daily":false,"is_ascension_mode":true,"campfire_upgraded":5,"path_taken":["M","?","$","M","M","E","R","?","T","R","M","M","M","M","R","BOSS","M","$","M","?","?","E","$","R","T","?","?","E","R","M","R","BOSS","M","?","?","?","M","R","?","$","T","E","?","E","R","E","R","BOSS"],"build_version":"2018-01-25-PROD3","purchased_purges":2,"victory":true,"master_deck":["Bash","Heavy Blade","Flex+1","Double Tap","Whirlwind+1","Offering+1","Flex","Pummel","Offering+1","Battle Trance+1","Offering","Whirlwind","Iron Wave","Rupture+1","Evolve","Thunderclap","Flex","Intimidate","Pummel","Burning Pact+1","Secret Technique+1","Flex","Offering","Writhe"],"max_hp_per_floor":[80,80,80,80,80,80,80,80,80,80,80,80,80,80,80,80,64,64,71,71,71,71,85,85,85,85,85,85,85,85,85,85,85,85,85,85,85,85,85,85,85,85,85,85,85,85,85,85,85,85],"relics":["Burning Blood","Gremlin Horn","Mummified Hand","Molten Egg","Runic Cube","Strawberry","Nilry\u0027s Codex","Mango","Bottled Lightning","Art of War","Pandora\u0027s Box","Bottled Tornado","Unceasing Top","Frozen Eye","Omamori","Shuriken"],"card_choices":[{"not_picked":["Anger","Havoc"],"picked":"Heavy Blade"},{"not_picked":["Clothesline","Cleave"],"picked":"Double Tap"},{"not_picked":["Fiend Fire","Anger"],"picked":"Whirlwind"},{"not_picked":["Limit Break","Dark Embrace"],"picked":"Offering"},{"not_picked":["Sword Boomerang","Sentinel"],"picked":"Battle Trance"},{"not_picked":["Dark Embrace","Exhume"],"picked":"Offering"},{"not_picked":["Entrench","Havoc"],"picked":"Burning Pact"},{"not_picked":["Pommel Strike","Wild Strike"],"picked":"Offering"}],"player_experience":251186,"potions_floor_usage":[],"damage_taken":[{"damage":0.0,"enemies":"Small Slimes","floor":1.0,"turns":3.0},{"damage":2.0,"enemies":"2 Louse","floor":4.0,"turns":2.0},{"damage":2.0,"enemies":"Jaw Worm","floor":5.0,"turns":3.0},{"damage":25.0,"enemies":"3 Sentries","floor":6.0,"turns":7.0},{"damage":13.0,"enemies":"Red Slaver","floor":8.0,"turns":5.0},{"damage":17.0,"enemies":"Looter","floor":11.0,"turns":3.0},{"damage":6.0,"enemies":"Exordium Thugs","floor":12.0,"turns":2.0},{"damage":4.0,"enemies":"Exordium Wildlife","floor":13.0,"turns":3.0},{"damage":5.0,"enemies":"Gremlin Gang","floor":14.0,"turns":3.0},{"damage":24.0,"enemies":"Slime Boss","floor":16.0,"turns":9.0},{"damage":4.0,"enemies":"Chosen","floor":18.0,"turns":3.0},{"damage":6.0,"enemies":"Shell Parasite","floor":20.0,"turns":2.0},{"damage":25.0,"enemies":"Snake Plant","floor":22.0,"turns":3.0},{"damage":19.0,"enemies":"Gremlin Leader","floor":23.0,"turns":4.0},{"damage":13.0,"enemies":"Slaver and Parasite","floor":28.0,"turns":2.0},{"damage":8.0,"enemies":"Slavers","floor":29.0,"turns":1.0},{"damage":4.0,"enemies":"Centurion and Healer","floor":31.0,"turns":1.0},{"damage":65.0,"enemies":"Champ","floor":33.0,"turns":8.0},{"damage":20.0,"enemies":"3 Shapes","floor":35.0,"turns":1.0},{"damage":4.0,"enemies":"3 Darklings","floor":39.0,"turns":1.0},{"damage":12.0,"enemies":"Sphere and 2 Shapes","floor":41.0,"turns":1.0},{"damage":8.0,"enemies":"2 Orb Walkers","floor":44.0,"turns":1.0},{"damage":8.0,"enemies":"Giant Head","floor":46.0,"turns":1.0},{"damage":4.0,"enemies":"2 Orb Walkers","floor":48.0,"turns":1.0},{"damage":64,"enemies":"Time Eater","floor":50,"turns":3}],"event_choices":[{"event_name":"Golden Idol","player_choice":"Take Wound","floor":2.0,"damage_taken":0.0},{"event_name":"Cursed Tome","player_choice":"Obtained Book","floor":21.0,"damage_taken":0.0},{"event_name":"Tomb of Lord Red Mask","player_choice":"Ignored","floor":36.0,"damage_taken":0.0},{"event_name":"The Moai Head","player_choice":"Gave Idol","floor":37.0,"damage_taken":0.0},{"event_name":"Mysterious Sphere","player_choice":"Ignore","floor":38.0,"damage_taken":0.0},{"event_name":"Winding Halls","player_choice":"Writhe","floor":45.0,"damage_taken":0.0}],"boss_relics":[],"potions_floor_spawned":[1,6,12,13,16,23,31,33,39,44],"seed_played":"-4265609178902011235","ascension_level":2,"is_trial":false}