{"path_per_floor":["M","?","M","M","M","E","?","E","T","R","?","R","$","M","R","B",null,"M","?","?","M","M","R","M","R","T","M","?","M","E","$","R"],"character_chosen":"IRONCLAD","items_purchased":["Bronze Scales","Shrug It Off","Metallicize","Impervious"],"gold_per_floor":[115,115,127,139,155,187,187,218,218,218,218,218,16,36,36,137,137,120,120,120,134,146,146,159,159,231,244,159,176,209,29,29],"floor_reached":33,"campfire_rested":4,"playtime":2575,"current_hp_per_floor":[80,80,80,80,69,52,72,20,20,44,28,52,52,58,58,26,80,72,72,72,70,45,69,63,63,63,55,55,60,30,30,54],"items_purged":["Injury"],"gold":29,"play_id":"7e810ddd-7f85-4c9f-9f3a-f5bfd6e51b52","is_prod":false,"is_daily":false,"is_ascension_mode":true,"campfire_upgraded":2,"path_taken":["BOSS","M","?","?","M","M","E","?","E","T","R","?","R","?","?","R","BOSS","M","?","?","?","M","R","M","R","T","?","?","?","E","$","R","BOSS"],"build_version":"2018-01-25-PROD3","purchased_purges":1,"victory":false,"master_deck":["Strike_R+1","Strike_R+1","Strike_R+1","Strike_R+1","Defend_R+1","Defend_R+1","Defend_R+1","Bash+1","Iron Wave","Flex","Parasite","Body Slam+1","Shrug It Off","Barricade+1","Iron Wave","Shrug It Off","Body Slam+1","Iron Wave","Armaments","Metallicize","Impervious"],"max_hp_per_floor":[80,80,80,80,80,80,80,80,80,80,80,80,80,80,80,80,80,80,80,80,80,80,80,80,80,80,80,80,80,80,80,80],"relics":["Burning Blood","Calipers","Thread and Needle","Charon\u0027s Ashes","Bronze Scales","Black Star","The Courier","Pen Nib","Mummified Hand","Matryoshka"],"card_choices":[{"not_picked":["Thunderclap","Sword Boomerang"],"picked":"Iron Wave"},{"not_picked":["Berserk","Sword Boomerang"],"picked":"Flex"},{"not_picked":["Evolve","Combust"],"picked":"Body Slam"},{"not_picked":["Exhume","Reaper"],"picked":"Barricade"},{"not_picked":["Cleave","Heavy Blade"],"picked":"Iron Wave"},{"not_picked":["Flex","Iron Wave"],"picked":"Shrug It Off"},{"not_picked":["Clothesline","Sever Soul"],"picked":"Body Slam"},{"not_picked":["Body Slam","Reckless Charge"],"picked":"Iron Wave"},{"not_picked":["Infernal Blade","Pommel Strike"],"picked":"Armaments"}],"player_experience":202849,"potions_floor_usage":[],"damage_taken":[{"damage":0.0,"enemies":"Small Slimes","floor":1.0,"turns":3.0},{"damage":4.0,"enemies":"2 Louse","floor":3.0,"turns":3.0},{"damage":1.0,"enemies":"Cultist","floor":4.0,"turns":3.0},{"damage":17.0,"enemies":"Lots of Slimes","floor":5.0,"turns":6.0},{"damage":23.0,"enemies":"3 Sentries","floor":6.0,"turns":8.0},{"damage":58.0,"enemies":"Lagavulin","floor":8.0,"turns":9.0},{"damage":0.0,"enemies":"Looter","floor":14.0,"turns":3.0},{"damage":38.0,"enemies":"Slime Boss","floor":16.0,"turns":12.0},{"damage":14,"enemies":"2 Thieves","floor":18,"turns":4},{"damage":8,"enemies":"Shell Parasite","floor":21,"turns":6},{"damage":31,"enemies":"3 Cultists","floor":22,"turns":6},{"damage":12,"enemies":"Snake Plant","floor":24,"turns":5},{"damage":14,"enemies":"Sentry and Sphere","floor":27,"turns":7},{"damage":1,"enemies":"3 Cultists","floor":29,"turns":6},{"damage":36,"enemies":"Book of Stabbing","floor":30,"turns":6},{"damage":57,"enemies":"Collector","floor":33,"turns":10}],"event_choices":[{"event_name":"The Cleric","player_choice":"Leave","floor":2.0,"damage_taken":0.0},{"event_name":"Mushrooms","player_choice":"Healed and dodged fight","floor":7.0,"damage_taken":0.0},{"event_name":"Shining Light","player_choice":"Entered Light","floor":11.0,"damage_taken":0.0},{"event_name":"Back to Basics","player_choice":"Simplicity","floor":19,"damage_taken":0},{"event_name":"Beggar","player_choice":"Ignored","floor":20,"damage_taken":0},{"event_name":"Addict","player_choice":"Obtained Relic","floor":28,"damage_taken":0}],"boss_relics":[{"not_picked":["Pandora\u0027s Box","Runic Cube"],"picked":"Black Star"}],"potions_floor_spawned":[5,27,29],"seed_played":"-1112126516041774243","killed_by":"Collector","ascension_level":1,"is_trial":false}