{"path_per_floor":["M","?","$","?","$","R","M","R","T","E","R","T","M","?","R","B",null,"M","$","?","?","?","R","?","M","T","M","R","M","M","?","R"],"character_chosen":"IRONCLAD","items_purchased":["True Grit","Apotheosis","Strawberry","Havoc"],"gold_per_floor":[115,290,59,59,59,59,72,72,140,171,171,196,215,245,245,343,343,355,80,80,80,80,80,80,100,125,141,141,161,171,171,171],"floor_reached":33,"campfire_rested":3,"playtime":1262,"current_hp_per_floor":[54,54,54,54,54,54,48,72,72,69,69,69,73,73,73,10,63,42,49,41,41,41,60,60,59,59,41,60,51,60,60,60],"items_purged":["Pain"],"gold":171,"score":400,"play_id":"a62fd38d-6c7d-4221-86dc-5c08f4cec0ce","is_prod":false,"is_daily":false,"is_ascension_mode":true,"campfire_upgraded":4,"path_taken":["M","?","$","?","$","R","?","R","T","E","R","?","?","?","R","BOSS","M","$","?","?","?","R","?","M","T","M","R","M","?","?","R","BOSS"],"build_version":"2018-02-08-PROD1","purchased_purges":1,"victory":false,"master_deck":["Defend_R","Defend_R","Bash+1","Parasite","Doubt","True Grit+1","Apotheosis+1","Bloodletting","Sentinel","Immolate","Sentinel+1","Havoc+1","Demon Form+1","Corruption+1","Havoc","Bite","Bite","Bite","Bite","Bite","Feel No Pain+1","Wild Strike"],"max_hp_per_floor":[80,80,80,80,80,80,80,80,80,80,80,80,80,80,80,80,80,80,87,87,60,60,60,60,60,60,60,60,60,60,60,60],"relics":["Burning Blood","Charon\u0027s Ashes","Darkstone Periapt","Regal Pillow","Happy Flower","Paper Frog","Astrolabe","Strawberry","Oddly Smooth Stone","Vajra"],"card_choices":[{"not_picked":["Inflame","Hemokinesis"],"picked":"Sentinel"},{"not_picked":["Feed","Barricade"],"picked":"Immolate"},{"not_picked":["Pommel Strike","Clothesline"],"picked":"Corruption"},{"not_picked":["Cleave","Carnage"],"picked":"Feel No Pain"},{"not_picked":["Rupture","Body Slam"],"picked":"Wild Strike"}],"player_experience":355723,"potions_floor_usage":[16,33],"damage_taken":[{"damage":24,"enemies":"Jaw Worm","floor":1,"turns":5},{"damage":12,"enemies":"2 Louse","floor":7,"turns":3},{"damage":9,"enemies":"3 Sentries","floor":10,"turns":8},{"damage":2,"enemies":"Cultist","floor":13,"turns":3},{"damage":69,"enemies":"The Guardian","floor":16,"turns":11},{"damage":27,"enemies":"3 Byrds","floor":18,"turns":4},{"damage":12,"enemies":"Chosen","floor":25,"turns":3},{"damage":33,"enemies":"Snake Plant","floor":27,"turns":4},{"damage":24,"enemies":"Cultist and Chosen","floor":29,"turns":7},{"damage":9,"enemies":"Sentry and Sphere","floor":30,"turns":8},{"damage":67,"enemies":"Automaton","floor":33,"turns":4}],"event_choices":[{"event_name":"Liars Game","player_choice":"agreed","floor":2,"damage_taken":0},{"event_name":"Transmorgrifier","player_choice":"Transform","floor":4,"damage_taken":0},{"event_name":"Dead Adventurer","player_choice":"Searched \u00272\u0027 times","floor":14,"damage_taken":0},{"event_name":"Wheel of Change","player_choice":"Damage","floor":20,"damage_taken":0},{"event_name":"Vampires","player_choice":"Became a vampire","floor":21,"damage_taken":0},{"event_name":"Cursed Tome","player_choice":"Ignored","floor":22,"damage_taken":0},{"event_name":"The Mausoleum","player_choice":"Yes","floor":24,"damage_taken":0},{"event_name":"Back to Basics","player_choice":"Elegance","floor":31,"damage_taken":0}],"boss_relics":[{"not_picked":["Snecko Eye","Ectoplasm"],"picked":"Astrolabe"}],"potions_floor_spawned":[7,13,29],"seed_played":"-7843830237707557122","killed_by":"Automaton","ascension_level":11,"is_trial":false}