{"path_per_floor":["M","?","$","?","M","R","M","R","T","M","M","M","$","?","R","B",null,"M","?","?","$","M","R","$","R","T","R","M","M","M"],"character_chosen":"IRONCLAD","items_purchased":["Inflame","Flash of Steel"],"gold_per_floor":[15,15,15,190,209,209,225,225,225,244,264,282,39,39,39,144,144,154,154,104,4,24,24,24,24,24,24,36,56,73],"floor_reached":31,"campfire_rested":1,"playtime":1401,"current_hp_per_floor":[80,90,90,90,81,81,83,83,83,61,48,35,35,28,55,8,90,72,72,72,72,47,47,47,47,47,47,37,15,9],"items_purged":["Doubt","Corruption"],"gold":73,"score":227,"play_id":"a2851217-c058-4f68-833e-08c0f82d7b4d","is_prod":false,"is_daily":false,"is_ascension_mode":false,"campfire_upgraded":5,"path_taken":["M","?","?","?","?","R","M","R","T","?","M","M","$","?","R","BOSS","M","?","?","$","M","R","$","R","T","R","?","?","M","M"],"build_version":"2018-02-15-PROD1","purchased_purges":2,"victory":false,"master_deck":["Bash+1","Inflame+1","Flash of Steel","True Grit","Ghostly Armor","Warcry","Heavy Blade+1","Rage","Heavy Blade","Perfected Strike","Thunderclap","Bloodletting","Flex+1","Flex"],"max_hp_per_floor":[80,90,90,90,90,90,90,90,90,90,90,90,90,90,90,90,90,90,90,90,90,90,90,90,90,90,90,90,90,90],"relics":["Burning Blood","Red Skull","Pear","Toolbox","Pandora\u0027s Box","Ice Cream"],"card_choices":[{"not_picked":["Armaments","Thunderclap"],"picked":"Bloodletting"},{"not_picked":["Pommel Strike","Body Slam"],"picked":"Flex"}],"player_experience":402496,"potions_floor_usage":[16,16,31],"damage_taken":[{"damage":2,"enemies":"Small Slimes","floor":1,"turns":4},{"damage":15,"enemies":"Cultist","floor":5,"turns":4},{"damage":4,"enemies":"2 Louse","floor":7,"turns":3},{"damage":28,"enemies":"Exordium Wildlife","floor":10,"turns":5},{"damage":19,"enemies":"Lots of Slimes","floor":11,"turns":5},{"damage":19,"enemies":"Exordium Thugs","floor":12,"turns":5},{"damage":53,"enemies":"The Guardian","floor":16,"turns":9},{"damage":24,"enemies":"Chosen","floor":18,"turns":5},{"damage":31,"enemies":"3 Byrds","floor":22,"turns":5},{"damage":16,"enemies":"Cultist and Chosen","floor":28,"turns":4},{"damage":32,"enemies":"Centurion and Healer","floor":29,"turns":3},{"damage":12,"enemies":"3 Cultists","floor":30,"turns":4},{"damage":10,"enemies":"Snake Plant","floor":31,"turns":1}],"event_choices":[{"event_name":"Big Fish","player_choice":"Box","floor":2,"damage_taken":0},{"event_name":"Liars Game","player_choice":"agreed","floor":4,"damage_taken":0},{"event_name":"Golden Wing","player_choice":"Card Removal","floor":14,"damage_taken":0},{"event_name":"The Library","player_choice":"Read","floor":19,"damage_taken":0},{"event_name":"The Joust","player_choice":"Bet on Murderer","floor":20,"damage_taken":0}],"boss_relics":[{"not_picked":["White Beast Statue","Runic Dome"],"picked":"Pandora\u0027s Box"}],"potions_floor_spawned":[5,10,12,28,30],"seed_played":"-9210078999677922599","killed_by":"Snake Plant","ascension_level":0,"is_trial":false}