{"path_per_floor":["M","?","M","M","?","R","$","M","T","R","M","R","M","?","R","B",null,"M","?","?","$","M","R","E","M","T","R"],"character_chosen":"IRONCLAD","items_purchased":["Flex","Bottled Flame"],"gold_per_floor":[116,116,133,148,148,148,73,83,154,154,165,165,184,259,259,331,331,312,312,312,12,27,27,55,67,91,91],"floor_reached":28,"campfire_rested":1,"playtime":848,"current_hp_per_floor":[67,60,55,41,41,62,62,58,58,58,60,60,71,60,60,53,67,72,72,59,59,75,75,77,59,59,59],"items_purged":["Defend_R"],"gold":91,"score":388,"play_id":"8f960427-711d-4e74-8219-ae3632f41234","is_prod":false,"is_daily":false,"is_ascension_mode":true,"campfire_upgraded":5,"path_taken":["M","?","M","M","?","R","?","M","T","R","M","R","M","?","R","BOSS","M","?","?","$","M","R","E","M","T","R","E"],"build_version":"2018-02-15-PROD1","purchased_purges":2,"victory":false,"master_deck":["Strike_R","Strike_R","Strike_R","Strike_R","Strike_R","Defend_R","Defend_R+1","Defend_R+1","Bash+1","Inflame+1","Flex+1","Reaper","Spot Weakness+1","Reaper","Whirlwind+1","Flex","Heavy Blade+1"],"max_hp_per_floor":[75,72,72,72,72,72,72,72,72,72,72,72,72,72,72,72,72,72,72,77,77,77,77,77,77,77,77],"relics":["Burning Blood","Self Forming Clay","Orrery","Omamori","Bottled Flame","War Paint","Pen Nib"],"card_choices":[{"not_picked":["Perfected Strike","Disarm"],"picked":"Inflame"},{"not_picked":["Twin Strike","Clash"],"picked":"Flex"},{"not_picked":["Disarm","Sword Boomerang"],"picked":"Reaper"},{"not_picked":["Warcry","Pommel Strike"],"picked":"Spot Weakness"},{"not_picked":["Juggernaut","Berserk"],"picked":"Reaper"},{"not_picked":["Seeing Red","Pommel Strike"],"picked":"Whirlwind"},{"not_picked":["Body Slam","Carnage"],"picked":"Heavy Blade"}],"player_experience":463198,"potions_floor_usage":[],"damage_taken":[{"damage":7.0,"enemies":"2 Louse","floor":1.0,"turns":2.0},{"damage":11.0,"enemies":"Jaw Worm","floor":3.0,"turns":4.0},{"damage":20.0,"enemies":"Small Slimes","floor":4.0,"turns":3.0},{"damage":10.0,"enemies":"2 Fungi Beasts","floor":8.0,"turns":3.0},{"damage":4.0,"enemies":"Red Slaver","floor":11.0,"turns":2.0},{"damage":7.0,"enemies":"Exordium Wildlife","floor":13.0,"turns":3.0},{"damage":43.0,"enemies":"Slime Boss","floor":16.0,"turns":6.0},{"damage":27.0,"enemies":"2 Thieves","floor":18.0,"turns":4.0},{"damage":18.0,"enemies":"3 Byrds","floor":22.0,"turns":6.0},{"damage":57.0,"enemies":"Gremlin Leader","floor":24.0,"turns":8.0},{"damage":39.0,"enemies":"Snake Plant","floor":25.0,"turns":3.0},{"damage":84,"enemies":"Book of Stabbing","floor":28,"turns":5}],"event_choices":[{"event_name":"Golden Wing","player_choice":"Card Removal","floor":2.0,"damage_taken":0.0},{"event_name":"Living Wall","player_choice":"Grow","floor":5.0,"damage_taken":0.0},{"event_name":"World of Goop","player_choice":"Gather Gold","floor":14.0,"damage_taken":0.0},{"event_name":"Wheel of Change","player_choice":"Relic","floor":19.0,"damage_taken":0.0},{"event_name":"Forgotten Altar","player_choice":"Shed Blood","floor":20.0,"damage_taken":0.0}],"boss_relics":[],"potions_floor_spawned":[3,4],"seed_played":"-875546751088242671","killed_by":"Book of Stabbing","ascension_level":14,"is_trial":false}