{"path_per_floor":["M","?","?","M","?","R","E","R","T","E","M","M","?","?","R","B",null,"M","?","M","$","M","R","E","R","T","M","R","M","M","M","R","B",null,"M","M","M","M","$","R","T","R","T","E","M","M","?","?","R","B"],"character_chosen":"IRONCLAD","items_purchased":["Double Tap","Happy Flower","Bottled Tornado"],"gold_per_floor":[118,118,118,130,80,80,114,114,114,143,158,177,177,177,177,279,309,319,319,330,27,45,45,79,79,79,98,98,111,130,149,149,254,254,271,281,296,308,50,50,50,50,77,107,120,131,131,0,0,0],"floor_reached":51,"campfire_rested":3,"playtime":3629,"current_hp_per_floor":[72,72,72,69,69,69,47,68,68,55,61,57,57,50,50,20,77,77,77,67,67,42,65,47,70,70,66,66,68,74,77,77,74,77,77,77,76,77,77,77,77,77,77,77,77,77,77,77,77,77],"items_purged":["Strike_R"],"gold":0,"score":709,"play_id":"71247d2a-7024-4b58-8a80-6f810d677348","is_prod":false,"is_daily":false,"is_ascension_mode":false,"campfire_upgraded":7,"path_taken":["M","?","?","M","?","R","E","R","T","E","?","M","?","?","R","BOSS","M","?","M","?","M","R","E","R","T","M","R","M","M","?","R","BOSS","M","M","?","M","$","R","?","R","T","E","?","M","?","?","R","BOSS"],"build_version":"2018-02-08-PROD1","purchased_purges":2,"victory":true,"master_deck":["Defend_R+1","Defend_R+1","Defend_R","Defend_R","Bash+1","Rampage+1","Barricade+1","Impervious+1","Burning Pact+1","Feel No Pain+1","Double Tap+1","Entrench+1","Seeing Red+1"],"max_hp_per_floor":[72,72,72,72,72,72,72,72,72,72,72,72,72,72,72,72,77,77,77,77,77,77,77,77,77,77,77,77,77,77,77,77,77,77,77,77,77,77,77,77,77,77,77,77,77,77,77,77,77,77],"relics":["Burning Blood","Gambling Chip","Anchor","War Paint","Unceasing Top","Orichalcum","Tiny House","Happy Flower","Toolbox","Omamori","Runic Pyramid","Bottled Tornado","Letter Opener","Dream Catcher","Ancient Tea Set","Red Mask"],"card_choices":[{"not_picked":["Inflame","Evolve"],"picked":"Rampage"},{"not_picked":["Iron Wave","Carnage"],"picked":"Barricade"},{"not_picked":["Offering","Feed"],"picked":"Impervious"},{"not_picked":["Cleave","Armaments"],"picked":"Burning Pact"},{"not_picked":["Sever Soul","Headbutt"],"picked":"Feel No Pain"},{"not_picked":["Blood for Blood","Havoc"],"picked":"Entrench"},{"not_picked":["Sword Boomerang","Clothesline"],"picked":"Seeing Red"}],"player_experience":369122,"potions_floor_usage":[30,30,50,50,50],"damage_taken":[{"damage":5.0,"enemies":"Cultist","floor":1.0,"turns":4.0},{"damage":9,"enemies":"Blue Slaver","floor":4,"turns":3},{"damage":28,"enemies":"Gremlin Nob","floor":7,"turns":4},{"damage":19,"enemies":"Lagavulin","floor":10,"turns":5},{"damage":0,"enemies":"2 Louse","floor":11,"turns":3},{"damage":10,"enemies":"Large Slime","floor":12,"turns":6},{"damage":36,"enemies":"Hexaghost","floor":16,"turns":13},{"damage":4,"enemies":"Chosen","floor":18,"turns":5},{"damage":16,"enemies":"2 Thieves","floor":20,"turns":4},{"damage":31,"enemies":"Slaver and Parasite","floor":22,"turns":6},{"damage":24,"enemies":"Gremlin Leader","floor":24,"turns":5},{"damage":10,"enemies":"Centurion and Healer","floor":27,"turns":5},{"damage":4,"enemies":"Chosen and Byrds","floor":29,"turns":8},{"damage":0,"enemies":"Cultist and Chosen","floor":30,"turns":9},{"damage":0,"enemies":"Centurion and Healer","floor":31,"turns":8},{"damage":9,"enemies":"Collector","floor":33,"turns":11},{"damage":0,"enemies":"3 Shapes","floor":35,"turns":9},{"damage":0,"enemies":"Orb Walker","floor":36,"turns":7},{"damage":7,"enemies":"Sphere and 2 Shapes","floor":37,"turns":12},{"damage":0,"enemies":"Maw","floor":38,"turns":9},{"damage":0,"enemies":"Nemesis","floor":44,"turns":10},{"damage":3,"enemies":"3 Darklings","floor":45,"turns":6},{"damage":0,"enemies":"4 Shapes","floor":46,"turns":9},{"damage":0,"enemies":"Donu and Deca","floor":50,"turns":9}],"event_choices":[{"event_name":"Match and Keep!","player_choice":"1 cards matched","floor":2.0,"damage_taken":0.0},{"event_name":"Wheel of Change","player_choice":"Relic","floor":3,"damage_taken":0},{"event_name":"The Cleric","player_choice":"Card Removal","floor":5,"damage_taken":0},{"event_name":"Purifier","player_choice":"One Purge","floor":13,"damage_taken":0},{"event_name":"Golden Wing","player_choice":"Card Removal","floor":14,"damage_taken":0},{"event_name":"Back to Basics","player_choice":"Elegance","floor":19,"damage_taken":0},{"event_name":"Tomb of Lord Red Mask","player_choice":"Paid","floor":48,"damage_taken":0}],"boss_relics":[{"not_picked":["Runic Cube","Black Blood"],"picked":"Tiny House"},{"not_picked":["Orrery","Question Card"],"picked":"Runic Pyramid"}],"potions_floor_spawned":[7,11,12,18,20,29,31,33,37,38,44],"seed_played":"-9210517763483292363","ascension_level":0,"is_trial":false}