{"path_per_floor":["M","?","?","?","M","R","E","R","T","M","M","M","R","M","R","B",null,"M","?","M","M","M","R","?","R","T","M","M","$","R","?","R","B",null,"M","M","?","M","?","R","M","M","T","M","M","M","R","M","R","B"],"character_chosen":"IRONCLAD","items_purchased":["Singing Bowl","Regal Pillow"],"gold_per_floor":[12,262,262,212,222,222,251,251,330,345,361,375,375,391,391,462,462,479,479,491,501,515,515,515,515,515,532,546,171,171,171,171,247,247,262,279,279,293,293,293,308,318,318,335,352,372,372,391,391,391],"floor_reached":51,"campfire_rested":5,"playtime":3129,"current_hp_per_floor":[67,67,67,67,62,62,10,31,31,30,24,12,33,37,58,36,63,31,31,32,24,30,51,51,51,51,57,37,37,72,72,72,67,71,72,64,64,70,70,70,78,80,80,80,71,74,74,80,80,51],"items_purged":["Reckless Charge"],"gold":391,"score":969,"play_id":"e4075211-17ae-4c17-baf9-a08503b06ff5","is_prod":false,"is_daily":false,"is_ascension_mode":true,"campfire_upgraded":6,"path_taken":["M","?","?","?","M","R","E","R","T","?","M","M","R","M","R","BOSS","M","?","M","?","M","R","?","R","T","M","?","$","R","?","R","BOSS","M","M","?","?","?","R","M","M","T","M","M","M","R","?","R","BOSS"],"build_version":"2018-02-15-PROD1","purchased_purges":1,"victory":true,"master_deck":["Defend_R+1","Defend_R+1","Defend_R","Bash","Barricade+1","Seeing Red+1","Body Slam+1","Ghostly Armor+1","Rampage+1","Armaments+1","Demon Form","Headbutt+1","Power Through+1","Immolate","Iron Wave+1","Entrench+1"],"max_hp_per_floor":[75,75,75,72,72,72,72,72,72,72,72,72,72,72,72,72,72,72,72,72,72,72,72,72,72,72,72,72,72,72,72,72,72,72,72,74,74,76,76,76,78,80,80,80,82,84,84,86,86,86],"relics":["Burning Blood","Happy Flower","Toxic Egg 2","Astrolabe","Thread and Needle","Singing Bowl","Regal Pillow","Cursed Key"],"card_choices":[{"not_picked":["Rupture","Pommel Strike"],"picked":"Body Slam"},{"not_picked":["Wild Strike","Armaments"],"picked":"Spot Weakness"},{"not_picked":["Uppercut","Burning Pact"],"picked":"Ghostly Armor"},{"not_picked":["Rupture","Sword Boomerang"],"picked":"Rampage"},{"not_picked":["Uppercut","Flex"],"picked":"Armaments"},{"not_picked":["Reaper","Dark Embrace"],"picked":"Demon Form"},{"not_picked":["Dark Embrace","Bludgeon"],"picked":"Immolate"},{"not_picked":["Anger","Corruption"],"picked":"Iron Wave"},{"not_picked":["Sentinel","Rupture"],"picked":"Entrench"}],"player_experience":466965,"potions_floor_usage":[50],"damage_taken":[{"damage":7.0,"enemies":"Jaw Worm","floor":1.0,"turns":2.0},{"damage":11.0,"enemies":"Cultist","floor":5.0,"turns":4.0},{"damage":58.0,"enemies":"Gremlin Nob","floor":7.0,"turns":6.0},{"damage":7.0,"enemies":"Small Slimes","floor":10.0,"turns":4.0},{"damage":12.0,"enemies":"Looter","floor":11.0,"turns":3.0},{"damage":18.0,"enemies":"Large Slime","floor":12.0,"turns":7.0},{"damage":2.0,"enemies":"3 Louse","floor":14.0,"turns":4.0},{"damage":28.0,"enemies":"Slime Boss","floor":16.0,"turns":12.0},{"damage":38.0,"enemies":"3 Byrds","floor":18.0,"turns":8.0},{"damage":5.0,"enemies":"Shell Parasite","floor":20.0,"turns":5.0},{"damage":14.0,"enemies":"Cultist and Chosen","floor":21.0,"turns":8.0},{"damage":0.0,"enemies":"Snecko","floor":22.0,"turns":6.0},{"damage":0.0,"enemies":"Sentry and Sphere","floor":27.0,"turns":8.0},{"damage":26.0,"enemies":"Cultist and Chosen","floor":28.0,"turns":8.0},{"damage":11.0,"enemies":"Champ","floor":33.0,"turns":12.0},{"damage":0.0,"enemies":"3 Shapes","floor":35.0,"turns":8.0},{"damage":16.0,"enemies":"3 Darklings","floor":36.0,"turns":9.0},{"damage":2.0,"enemies":"4 Shapes","floor":38.0,"turns":7.0},{"damage":0.0,"enemies":"Sphere and 2 Shapes","floor":41.0,"turns":7.0},{"damage":0.0,"enemies":"3 Darklings","floor":42.0,"turns":9.0},{"damage":0.0,"enemies":"4 Shapes","floor":44.0,"turns":6.0},{"damage":17.0,"enemies":"Sphere and 2 Shapes","floor":45.0,"turns":7.0},{"damage":5.0,"enemies":"3 Darklings","floor":46.0,"turns":7.0},{"damage":2.0,"enemies":"Maw","floor":48.0,"turns":7.0},{"damage":35,"enemies":"Time Eater","floor":50,"turns":16}],"event_choices":[{"event_name":"Golden Shrine","player_choice":"Desecrate","floor":2.0,"damage_taken":0.0},{"event_name":"Living Wall","player_choice":"Forget","floor":3.0,"damage_taken":0.0},{"event_name":"The Cleric","player_choice":"Card Removal","floor":4.0,"damage_taken":0.0},{"event_name":"Back to Basics","player_choice":"Elegance","floor":19.0,"damage_taken":0.0},{"event_name":"Vampires","player_choice":"Ignored","floor":24.0,"damage_taken":0.0},{"event_name":"Drug Dealer","player_choice":"Ignored","floor":31.0,"damage_taken":0.0},{"event_name":"Tomb of Lord Red Mask","player_choice":"Ignored","floor":37.0,"damage_taken":0.0}],"boss_relics":[],"potions_floor_spawned":[5,11,12,18,22,33,36,42,44],"seed_played":"-2799917761519601931","ascension_level":15,"is_trial":false}