{"path_per_floor":["M","?","M","M","?","R","E","R","T","M","M","R","M","$","R","B",null,"M","M","?","M","M","R","M"],"character_chosen":"IRONCLAD","items_purchased":["Body Slam","War Paint"],"gold_per_floor":[117,117,130,140,140,140,171,171,239,249,266,266,284,18,18,90,90,101,111,111,128,138,138,156],"floor_reached":25,"campfire_rested":3,"playtime":9183,"current_hp_per_floor":[67,67,68,64,61,61,30,51,51,49,38,38,39,39,59,44,63,29,35,35,24,11,31,19],"items_purged":["Parasite"],"gold":156,"score":342,"play_id":"0f8713a4-bba8-4c53-b105-91976927b843","is_prod":false,"is_daily":false,"is_ascension_mode":true,"campfire_upgraded":2,"path_taken":["M","?","?","?","?","R","E","R","T","?","M","R","?","$","R","BOSS","M","M","?","M","M","R","M","?"],"build_version":"2018-02-15-PROD1","purchased_purges":2,"victory":false,"master_deck":["Strike_R","Strike_R","Strike_R","Strike_R","Strike_R","Defend_R+1","Defend_R","Defend_R","Defend_R","Bash+1","Impervious+1","Body Slam+1","Body Slam","Barricade","Seeing Red","Shrug It Off"],"max_hp_per_floor":[72,72,72,72,72,72,72,72,72,72,72,72,72,69,69,69,69,69,69,69,69,69,69,69],"relics":["Burning Blood","Oddly Smooth Stone","Vajra","Gremlin Horn","War Paint","Lizard Tail","Frozen Egg 2"],"card_choices":[{"not_picked":["Immolate","Demon Form"],"picked":"Impervious"},{"not_picked":["Shrug It Off","Brutality"],"picked":"Body Slam"},{"not_picked":["Exhume","Reaper"],"picked":"Barricade"},{"not_picked":["Thunderclap","Heavy Blade"],"picked":"Seeing Red"},{"not_picked":["Sentinel","Evolve"],"picked":"Shrug It Off"}],"player_experience":415013,"potions_floor_usage":[19],"damage_taken":[{"damage":11.0,"enemies":"Jaw Worm","floor":1.0,"turns":5.0},{"damage":5.0,"enemies":"Cultist","floor":3.0,"turns":5.0},{"damage":10.0,"enemies":"2 Louse","floor":4.0,"turns":4.0},{"damage":49.0,"enemies":"Lagavulin","floor":7.0,"turns":8.0},{"damage":8.0,"enemies":"Red Slaver","floor":10.0,"turns":4.0},{"damage":17.0,"enemies":"Gremlin Gang","floor":11.0,"turns":8.0},{"damage":5.0,"enemies":"Blue Slaver","floor":13.0,"turns":4.0},{"damage":21.0,"enemies":"Slime Boss","floor":16.0,"turns":12.0},{"damage":40,"enemies":"Spheric Guardian","floor":18,"turns":8},{"damage":35,"enemies":"Shell Parasite","floor":19,"turns":7},{"damage":17,"enemies":"Snecko","floor":21,"turns":7},{"damage":19,"enemies":"Chosen and Byrds","floor":22,"turns":8},{"damage":18,"enemies":"3 Cultists","floor":24,"turns":7},{"damage":21,"enemies":"Snecko","floor":25,"turns":3}],"event_choices":[{"event_name":"The Lab","player_choice":"Got Potions","floor":2.0,"damage_taken":0.0},{"event_name":"Scrap Ooze","player_choice":"success","floor":5.0,"damage_taken":3.0},{"event_name":"The Mausoleum","player_choice":"Yes","floor":20,"damage_taken":0}],"boss_relics":[],"potions_floor_spawned":[4,10,11,16,18,24],"seed_played":"-4889611963931708214","killed_by":"Snecko","ascension_level":13,"is_trial":false}