{"path_per_floor":["M","$","T","?","$","R","M","M","T","M","R","E","M","M","R","B",null,"M","M","$","?","M","R","?","?","T","R","M","$","R","?","R"],"character_chosen":"IRONCLAD","items_purchased":["Bag of Marbles","Flex","Mummified Hand","Flex"],"gold_per_floor":[109,109,178,178,26,26,46,59,140,159,159,185,198,217,217,315,315,326,341,43,43,57,57,57,57,57,57,68,26,26,26,26],"floor_reached":33,"campfire_rested":5,"playtime":1308,"current_hp_per_floor":[23,23,23,23,23,47,52,51,51,23,47,26,24,21,45,14,52,25,24,24,24,20,39,39,39,39,39,33,33,33,33,52],"items_purged":["Sever Soul"],"gold":26,"play_id":"ff271b2b-95f4-4ac2-b0ed-608759aba944","is_prod":false,"is_daily":false,"is_ascension_mode":true,"campfire_upgraded":0,"path_taken":["M","?","?","?","$","R","M","M","T","M","R","E","M","?","R","BOSS","M","M","$","?","M","R","?","?","T","R","M","$","R","?","R","BOSS"],"build_version":"2018-02-01-PROD3","purchased_purges":1,"victory":false,"master_deck":["Strike_R","Strike_R","Strike_R","Strike_R","Defend_R","Defend_R","Defend_R","Defend_R","Bash","Heavy Blade","Flex","Berserk","Inflame","Whirlwind","Flex","Flex"],"max_hp_per_floor":[80,80,80,80,80,80,80,80,80,80,80,80,80,80,80,80,64,64,64,64,64,64,64,64,64,64,64,64,64,64,64,64],"relics":["Burning Blood","Girya","Bottled Lightning","Bag of Marbles","The Courier","Ice Cream","Runic Cube","Mummified Hand","Vajra","Unceasing Top"],"card_choices":[{"not_picked":["Twin Strike","Armaments"],"picked":"Heavy Blade"},{"not_picked":["Pommel Strike","Perfected Strike"],"picked":"Flex"},{"not_picked":["Corruption","Cleave"],"picked":"Berserk"},{"not_picked":["Pommel Strike","Fire Breathing"],"picked":"Inflame"},{"not_picked":["Headbutt","Clothesline"],"picked":"Whirlwind"}],"player_experience":326937,"potions_floor_usage":[33,33],"damage_taken":[{"damage":15.0,"enemies":"Blue Slaver","floor":1.0,"turns":6.0},{"damage":1.0,"enemies":"Cultist","floor":7.0,"turns":3.0},{"damage":7.0,"enemies":"Jaw Worm","floor":8.0,"turns":2.0},{"damage":34.0,"enemies":"Exordium Thugs","floor":10.0,"turns":5.0},{"damage":27.0,"enemies":"Gremlin Nob","floor":12.0,"turns":4.0},{"damage":8.0,"enemies":"Large Slime","floor":13.0,"turns":5.0},{"damage":9.0,"enemies":"2 Fungi Beasts","floor":14.0,"turns":2.0},{"damage":37.0,"enemies":"Slime Boss","floor":16.0,"turns":8.0},{"damage":33.0,"enemies":"2 Thieves","floor":18.0,"turns":3.0},{"damage":7.0,"enemies":"Chosen","floor":19.0,"turns":5.0},{"damage":10.0,"enemies":"Snecko","floor":22.0,"turns":3.0},{"damage":12.0,"enemies":"3 Cultists","floor":28.0,"turns":3.0},{"damage":53,"enemies":"Champ","floor":33,"turns":5}],"event_choices":[{"event_name":"Transmorgrifier","player_choice":"Transform","floor":4.0,"damage_taken":0.0},{"event_name":"Vampires","player_choice":"Ignored","floor":21.0,"damage_taken":0.0},{"event_name":"The Mausoleum","player_choice":"Yes","floor":24.0,"damage_taken":0.0},{"event_name":"Drug Dealer","player_choice":"Ignored","floor":25.0,"damage_taken":0.0},{"event_name":"Cursed Tome","player_choice":"Ignored","floor":31,"damage_taken":0}],"boss_relics":[],"potions_floor_spawned":[7,8,14,16,18],"seed_played":"-3728717557422379507","killed_by":"Champ","ascension_level":7,"is_trial":false}