{"path_per_floor":["M","M","?","$","M","R","E","R","T","?","R","M","M","?","R","B",null,"M","M","$","M","M","R","M","R","T","M","T","M","M","?","R"],"character_chosen":"IRONCLAD","items_purchased":["Flex","Inflame","Girya","Inflame"],"gold_per_floor":[368,384,384,192,204,204,236,236,236,236,236,246,266,266,266,363,363,376,393,20,36,48,48,62,62,89,108,108,118,130,130,130],"floor_reached":33,"campfire_rested":6,"playtime":1459,"current_hp_per_floor":[32,28,21,21,8,31,15,38,38,38,61,52,45,45,68,28,65,55,36,36,17,19,42,38,61,61,54,54,50,42,42,42],"items_purged":["Defend_R"],"gold":130,"score":377,"play_id":"4c2f6987-9ead-40b2-8816-8091e6c81725","is_prod":false,"is_daily":false,"is_ascension_mode":true,"campfire_upgraded":0,"path_taken":["M","M","?","$","M","R","E","R","T","?","R","?","M","?","R","BOSS","M","M","$","?","M","R","M","R","T","M","?","M","M","?","R","BOSS"],"build_version":"2018-02-08-PROD1","purchased_purges":2,"victory":false,"master_deck":["Strike_R","Strike_R","Strike_R","Strike_R","Strike_R","Defend_R","Bash","Inflame","Flex","Inflame","Offering","Warcry","Offering","Inflame","Warcry+1","Heavy Blade","Whirlwind","Battle Trance"],"max_hp_per_floor":[80,80,77,77,77,77,77,77,77,77,77,77,77,77,77,77,77,77,77,77,77,77,77,77,77,77,77,77,77,77,77,77],"relics":["Black Blood","Smiling Mask","Ginger","Orichalcum","Girya","Vajra","Omamori"],"card_choices":[{"not_picked":["Power Through","Perfected Strike"],"picked":"Inflame"},{"not_picked":["Flex","Sword Boomerang"],"picked":"Offering"},{"not_picked":["Exhume","Bludgeon"],"picked":"Offering"},{"not_picked":["Flame Barrier","Evolve"],"picked":"Warcry"},{"not_picked":["Feel No Pain","Twin Strike"],"picked":"Heavy Blade"},{"not_picked":["Wild Strike","Pummel"],"picked":"Whirlwind"}],"player_experience":347107,"potions_floor_usage":[16,29,30,33,33],"damage_taken":[{"damage":6,"enemies":"Jaw Worm","floor":1,"turns":5},{"damage":10,"enemies":"Small Slimes","floor":2,"turns":5},{"damage":19,"enemies":"Blue Slaver","floor":5,"turns":4},{"damage":22,"enemies":"Gremlin Nob","floor":7,"turns":3},{"damage":15,"enemies":"Looter","floor":12,"turns":2},{"damage":13,"enemies":"Red Slaver","floor":13,"turns":2},{"damage":61,"enemies":"Hexaghost","floor":16,"turns":8},{"damage":20,"enemies":"Shell Parasite","floor":18,"turns":3},{"damage":29,"enemies":"2 Thieves","floor":19,"turns":3},{"damage":29,"enemies":"Sentry and Sphere","floor":21,"turns":4},{"damage":8,"enemies":"Centurion and Healer","floor":22,"turns":4},{"damage":14,"enemies":"Chosen and Byrds","floor":24,"turns":4},{"damage":17,"enemies":"Snecko","floor":27,"turns":4},{"damage":14,"enemies":"Cultist and Chosen","floor":29,"turns":4},{"damage":18,"enemies":"3 Cultists","floor":30,"turns":4},{"damage":58,"enemies":"Champ","floor":33,"turns":6}],"event_choices":[{"event_name":"Golden Wing","player_choice":"Card Removal","floor":3,"damage_taken":0},{"event_name":"Transmorgrifier","player_choice":"Transform","floor":10,"damage_taken":0},{"event_name":"Accursed Blacksmith","player_choice":"Rummage","floor":14,"damage_taken":0},{"event_name":"Transmorgrifier","player_choice":"Transform","floor":31,"damage_taken":0}],"boss_relics":[{"not_picked":["Orrery","Lizard Tail"],"picked":"Black Blood"}],"potions_floor_spawned":[7,13,19,21,22,27,29],"seed_played":"2269858818323664182","killed_by":"Champ","ascension_level":10,"is_trial":false}