{"path_per_floor":["M","M","M","$","?","E","R","M","T","?","M","E","M","$","R","B",null,"M","?","?","M","M","R","$"],"character_chosen":"IRONCLAD","items_purchased":["Flex","Membership Card","Inflame","Strength Potion"],"gold_per_floor":[362,374,392,32,32,62,62,77,77,77,97,129,141,61,61,135,135,152,152,52,62,74,74,36],"floor_reached":25,"campfire_rested":3,"playtime":1091,"current_hp_per_floor":[72,72,67,67,60,35,55,51,58,58,53,41,36,36,58,40,67,33,33,33,27,17,39,39],"items_purged":["Parasite","Defend_R"],"gold":36,"score":351,"play_id":"516235ac-8a21-4a35-a35d-b6aed16d2fc5","is_prod":false,"is_daily":false,"is_ascension_mode":true,"campfire_upgraded":0,"path_taken":["M","M","?","?","?","E","R","M","T","?","M","E","?","$","R","BOSS","M","?","?","?","M","R","$","E"],"build_version":"2018-02-15-PROD1","purchased_purges":2,"victory":false,"master_deck":["Strike_R","Strike_R","Strike_R","Strike_R","Strike_R","Defend_R","Defend_R","Defend_R","Bash","Inflame","Heavy Blade","Flex","Inflame","Flex","Flex","J.A.X."],"max_hp_per_floor":[72,72,72,69,69,69,69,69,76,76,76,76,76,76,76,76,76,76,76,76,76,76,76,76],"relics":["Burning Blood","Membership Card","Matryoshka","Pantograph","Strawberry","Dodecahedron","Happy Flower","Thread and Needle","Runic Dome"],"card_choices":[{"not_picked":["Juggernaut","Armaments"],"picked":"Inflame"},{"not_picked":["Headbutt","Twin Strike"],"picked":"Heavy Blade"},{"not_picked":["Entrench","Clash"],"picked":"Flex"}],"player_experience":405159,"potions_floor_usage":[6,11,22,22,25,25],"damage_taken":[{"damage":6,"enemies":"Cultist","floor":1,"turns":3},{"damage":0,"enemies":"Small Slimes","floor":2,"turns":3},{"damage":11,"enemies":"2 Louse","floor":3,"turns":3},{"damage":31,"enemies":"3 Sentries","floor":6,"turns":7},{"damage":10,"enemies":"2 Fungi Beasts","floor":8,"turns":5},{"damage":11,"enemies":"Looter","floor":11,"turns":2},{"damage":18,"enemies":"Gremlin Nob","floor":12,"turns":3},{"damage":11,"enemies":"Gremlin Gang","floor":13,"turns":6},{"damage":42,"enemies":"The Guardian","floor":16,"turns":8},{"damage":40,"enemies":"3 Byrds","floor":18,"turns":6},{"damage":12,"enemies":"Chosen","floor":21,"turns":4},{"damage":16,"enemies":"3 Cultists","floor":22,"turns":4},{"damage":40,"enemies":"Book of Stabbing","floor":25,"turns":4}],"event_choices":[{"event_name":"Scrap Ooze","player_choice":"success","floor":5,"damage_taken":7},{"event_name":"Dead Adventurer","player_choice":"Searched \u00271\u0027 times","floor":10,"damage_taken":0},{"event_name":"The Library","player_choice":"Read","floor":19,"damage_taken":0},{"event_name":"Drug Dealer","player_choice":"Got JAXXED","floor":20,"damage_taken":0}],"boss_relics":[{"not_picked":["Runic Pyramid","Lizard Tail"],"picked":"Runic Dome"}],"potions_floor_spawned":[3,6,8,11,21],"seed_played":"-6776849884034947770","killed_by":"Book of Stabbing","ascension_level":13,"is_trial":false}