{"path_per_floor":["M","M","?","M","?","M","M","M","T","R","M","R","$","?","R","B",null,"M","$","?","M","?","R"],"character_chosen":"IRONCLAD","items_purchased":["Happy Flower"],"gold_per_floor":[113,131,131,141,141,153,172,191,239,239,255,255,24,54,54,128,128,139,39,39,54,54,54],"floor_reached":24,"campfire_rested":3,"playtime":1628,"current_hp_per_floor":[65,69,74,73,58,49,38,37,37,59,52,52,52,52,74,39,65,56,56,42,23,23,46],"items_purged":["Defend_R","Defend_R"],"gold":54,"score":310,"play_id":"b4c8a808-80c9-4a06-bfd2-8c0d00e878b9","is_prod":false,"is_daily":false,"is_ascension_mode":true,"campfire_upgraded":1,"path_taken":["M","?","?","?","?","M","M","M","T","R","M","R","$","?","R","BOSS","M","$","?","M","?","R","M"],"build_version":"2018-02-15-PROD1","purchased_purges":4,"victory":false,"master_deck":["Strike_R","Strike_R+1","Strike_R","Strike_R+1","Defend_R","Defend_R+1","Bash+1","Flex+1"],"max_hp_per_floor":[69,69,74,74,74,74,74,74,74,74,74,74,74,74,74,74,74,74,74,79,79,79,79],"relics":["Burning Blood","Whetstone","Happy Flower","Letter Opener","Runic Cube"],"card_choices":[{"not_picked":["Headbutt","True Grit"],"picked":"Flex"}],"player_experience":426481,"potions_floor_usage":[24],"damage_taken":[{"damage":10.0,"enemies":"Cultist","floor":1.0,"turns":5.0},{"damage":0.0,"enemies":"Small Slimes","floor":2.0,"turns":3.0},{"damage":7.0,"enemies":"2 Louse","floor":4.0,"turns":3.0},{"damage":15.0,"enemies":"Red Slaver","floor":6.0,"turns":3.0},{"damage":17.0,"enemies":"3 Louse","floor":7.0,"turns":4.0},{"damage":7.0,"enemies":"Exordium Wildlife","floor":8.0,"turns":4.0},{"damage":13.0,"enemies":"Blue Slaver","floor":11.0,"turns":3.0},{"damage":41.0,"enemies":"Hexaghost","floor":16.0,"turns":7.0},{"damage":15.0,"enemies":"Chosen","floor":18.0,"turns":4.0},{"damage":25.0,"enemies":"2 Thieves","floor":21.0,"turns":4.0},{"damage":47,"enemies":"Centurion and Healer","floor":24,"turns":3}],"event_choices":[{"event_name":"Big Fish","player_choice":"Donut","floor":3.0,"damage_taken":0.0},{"event_name":"Shining Light","player_choice":"Entered Light","floor":5.0,"damage_taken":0.0},{"event_name":"Dead Adventurer","player_choice":"Searched \u00272\u0027 times","floor":14.0,"damage_taken":0.0},{"event_name":"Forgotten Altar","player_choice":"Shed Blood","floor":20.0,"damage_taken":0.0},{"event_name":"Vampires","player_choice":"Ignored","floor":22.0,"damage_taken":0.0}],"boss_relics":[],"potions_floor_spawned":[2,11,16],"seed_played":"-8075278807342477209","killed_by":"Centurion and Healer","ascension_level":13,"is_trial":false}