{"path_per_floor":["M","?","M","$","M","R","M","M","T","?","R","M","R","M","R","B",null,"M","M","T","M","?","R","?","E","T","R","$","M","M","M","R","B",null,"M","M","M","M","?","R","?","R","T"],"character_chosen":"IRONCLAD","items_purchased":["Rupture","Flex"],"gold_per_floor":[117,117,127,13,27,27,43,53,83,83,83,94,94,104,104,176,176,193,210,210,224,224,224,224,249,249,249,95,108,119,132,132,209,209,223,233,243,259,259,259,259,259,286],"floor_reached":44,"campfire_rested":1,"playtime":1622,"current_hp_per_floor":[74,74,75,72,72,72,61,61,61,61,61,55,55,57,57,48,66,53,50,50,38,38,50,50,50,50,50,50,43,48,50,50,50,50,36,40,45,50,50,50,44,44,44],"items_purged":["Parasite","Defend_R"],"gold":286,"score":662,"play_id":"ce5d2ea1-0442-4826-8c5b-1d4eba07306b","is_prod":false,"is_daily":false,"is_ascension_mode":true,"campfire_upgraded":8,"path_taken":["M","?","?","$","M","R","M","M","T","?","R","M","R","M","R","BOSS","M","?","?","?","?","R","?","E","T","R","$","?","M","M","R","BOSS","M","?","M","M","?","R","?","R","T","E"],"build_version":"2018-02-15-PROD1","purchased_purges":4,"victory":false,"master_deck":["Defend_R","Defend_R+1","Defend_R+1","Bash+1","Offering+1","Rupture+1","Whirlwind+1","Brutality+1","Limit Break+1","Bite","Bite","Bite","Bite","Flex+1","Battle Trance+1","Madness","Madness+1","Parasite"],"max_hp_per_floor":[75,75,75,72,72,72,72,72,72,72,72,72,72,72,72,72,72,72,72,72,72,50,50,50,50,50,50,50,50,50,50,50,50,50,50,50,50,50,50,50,50,50,50],"relics":["Black Blood","NeowsBlessing","Du-Vu Doll","Tiny Chest","Bag of Marbles","War Paint","Unceasing Top","Cursed Key","Prayer Wheel"],"card_choices":[{"not_picked":["Combust","Thunderclap"],"picked":"Offering"},{"not_picked":["Anger","Rage"],"picked":"Whirlwind"},{"not_picked":["Reaper","Dark Embrace"],"picked":"Brutality"},{"not_picked":["Sentinel","Warcry"],"picked":"Limit Break"},{"not_picked":["Evolve","Sentinel"],"picked":"Battle Trance"}],"player_experience":431675,"potions_floor_usage":[44,44],"damage_taken":[{"damage":0.0,"enemies":"Small Slimes","floor":1.0,"turns":1.0},{"damage":0.0,"enemies":"2 Louse","floor":3.0,"turns":1.0},{"damage":0.0,"enemies":"Cultist","floor":5.0,"turns":1.0},{"damage":17.0,"enemies":"3 Louse","floor":7.0,"turns":5.0},{"damage":6.0,"enemies":"2 Fungi Beasts","floor":8.0,"turns":3.0},{"damage":12.0,"enemies":"Lots of Slimes","floor":12.0,"turns":2.0},{"damage":4.0,"enemies":"Red Slaver","floor":14.0,"turns":1.0},{"damage":15.0,"enemies":"Slime Boss","floor":16.0,"turns":7.0},{"damage":23.0,"enemies":"Chosen","floor":18.0,"turns":4.0},{"damage":13.0,"enemies":"2 Thieves","floor":19.0,"turns":2.0},{"damage":22.0,"enemies":"Chosen and Byrds","floor":21.0,"turns":3.0},{"damage":24.0,"enemies":"Gremlin Leader","floor":25.0,"turns":5.0},{"damage":22.0,"enemies":"Cultist and Chosen","floor":29.0,"turns":4.0},{"damage":11.0,"enemies":"Centurion and Healer","floor":30.0,"turns":4.0},{"damage":17.0,"enemies":"Snake Plant","floor":31.0,"turns":3.0},{"damage":25.0,"enemies":"Champ","floor":33.0,"turns":6.0},{"damage":24.0,"enemies":"3 Darklings","floor":35.0,"turns":2.0},{"damage":10.0,"enemies":"3 Shapes","floor":36.0,"turns":2.0},{"damage":5.0,"enemies":"Sphere and 2 Shapes","floor":37.0,"turns":2.0},{"damage":0.0,"enemies":"3 Darklings","floor":38.0,"turns":1.0},{"damage":79,"enemies":"Nemesis","floor":44,"turns":4}],"event_choices":[{"event_name":"Big Fish","player_choice":"Box","floor":2.0,"damage_taken":0.0},{"event_name":"Living Wall","player_choice":"Grow","floor":10.0,"damage_taken":0.0},{"event_name":"Vampires","player_choice":"Became a vampire","floor":22.0,"damage_taken":0.0},{"event_name":"Fountain of Cleansing","player_choice":"Removed Curse","floor":24.0,"damage_taken":0.0},{"event_name":"Bonfire Elementals","player_choice":"SPECIAL","floor":39.0,"damage_taken":0.0},{"event_name":"Winding Halls","player_choice":"Embrace Madness","floor":41.0,"damage_taken":0.0}],"boss_relics":[],"potions_floor_spawned":[1,3,5,14,21,29,30,37],"seed_played":"4675834295434317552","killed_by":"Nemesis","ascension_level":14,"is_trial":false}