{"path_per_floor":["M","?","?","M","$","R","M","M","T","M","M","?","$","M","R","B",null,"M","M","M","?","$","R","?","R","T","?","$","M","R","M","R","B",null,"M","M","?","?","M","R","M","?","T","R","M","R","M","?","R","B"],"character_chosen":"IRONCLAD","items_purchased":["Flex","Inflame","Clash"],"gold_per_floor":[118,68,68,86,11,11,21,41,41,53,66,93,45,62,62,134,134,146,161,173,173,1,1,1,1,47,47,0,20,20,37,37,112,142,155,171,171,171,186,186,197,197,244,244,258,258,274,274,274,274],"floor_reached":51,"campfire_rested":1,"playtime":1734,"current_hp_per_floor":[65,65,58,53,53,53,47,45,45,47,47,43,43,44,44,27,56,50,45,27,27,27,40,40,40,40,40,40,45,45,45,45,45,50,53,46,46,46,48,48,58,58,58,58,49,49,62,75,75,42],"items_purged":["Defend_R","Defend_R"],"gold":274,"score":867,"play_id":"2e735c9c-9944-48f6-98ba-c6030a370b7b","is_prod":false,"is_daily":false,"is_ascension_mode":true,"campfire_upgraded":9,"path_taken":["M","?","?","M","$","R","M","?","T","?","M","?","?","?","R","BOSS","M","M","M","?","$","R","?","R","T","?","?","M","R","M","R","BOSS","M","M","?","?","M","R","?","?","T","R","M","R","M","?","R","BOSS"],"build_version":"2018-02-15-PROD1","purchased_purges":2,"victory":true,"master_deck":["Bash+1","Clash+1","Battle Trance+1","Clash","Flex+1","Bite+1","Bite","Bite","Inflame+1","Heavy Blade+1","Offering+1","Clash+1","Flex+1","Warcry+1"],"max_hp_per_floor":[65,65,65,65,65,65,65,65,65,65,65,65,65,65,65,65,65,65,65,65,45,45,45,45,45,45,45,45,45,45,45,45,45,50,53,53,53,53,56,56,59,59,59,59,62,62,65,75,75,75],"relics":["Burning Blood","Prayer Wheel","Odd Mushroom","Bronze Scales","Tiny House","Omamori"],"card_choices":[{"not_picked":["Evolve","Armaments"],"picked":"Clash"},{"not_picked":["Spot Weakness","Seeing Red"],"picked":"Battle Trance"},{"not_picked":["Clothesline","Intimidate"],"picked":"Clash"},{"not_picked":["Intimidate","True Grit"],"picked":"Heavy Blade"},{"not_picked":["Barricade","Bludgeon"],"picked":"Feed"},{"not_picked":["Impervious","Reckless Charge"],"picked":"Flex"},{"not_picked":["Blood for Blood","Flame Barrier"],"picked":"Warcry"}],"player_experience":464046,"potions_floor_usage":[16,18,50,50],"damage_taken":[{"damage":6,"enemies":"Cultist","floor":1,"turns":4},{"damage":11,"enemies":"Jaw Worm","floor":4,"turns":4},{"damage":12,"enemies":"Small Slimes","floor":7,"turns":2},{"damage":8,"enemies":"Blue Slaver","floor":8,"turns":2},{"damage":4,"enemies":"2 Fungi Beasts","floor":10,"turns":2},{"damage":6,"enemies":"Looter","floor":11,"turns":2},{"damage":10,"enemies":"The Mushroom Lair","floor":12,"turns":3},{"damage":5,"enemies":"Lots of Slimes","floor":14,"turns":3},{"damage":23,"enemies":"Hexaghost","floor":16,"turns":5},{"damage":12,"enemies":"2 Thieves","floor":18,"turns":3},{"damage":11,"enemies":"Spheric Guardian","floor":19,"turns":3},{"damage":24,"enemies":"Snake Plant","floor":20,"turns":2},{"damage":4,"enemies":"Sentry and Sphere","floor":29,"turns":2},{"damage":0,"enemies":"Snecko","floor":31,"turns":2},{"damage":4,"enemies":"Collector","floor":33,"turns":2},{"damage":4,"enemies":"Orb Walker","floor":35,"turns":1},{"damage":15,"enemies":"3 Darklings","floor":36,"turns":2},{"damage":13,"enemies":"4 Shapes","floor":39,"turns":2},{"damage":9,"enemies":"Maw","floor":41,"turns":4},{"damage":21,"enemies":"Sphere and 2 Shapes","floor":45,"turns":4},{"damage":4,"enemies":"3 Darklings","floor":47,"turns":2},{"damage":46,"enemies":"Time Eater","floor":50,"turns":4}],"event_choices":[{"event_name":"The Cleric","player_choice":"Card Removal","floor":2,"damage_taken":0},{"event_name":"Golden Wing","player_choice":"Card Removal","floor":3,"damage_taken":0},{"event_name":"Mushrooms","player_choice":"Fought Mushrooms","floor":12,"damage_taken":0},{"event_name":"Vampires","player_choice":"Became a vampire","floor":21,"damage_taken":0},{"event_name":"Back to Basics","player_choice":"Elegance","floor":24,"damage_taken":0},{"event_name":"The Library","player_choice":"Read","floor":27,"damage_taken":0},{"event_name":"Tomb of Lord Red Mask","player_choice":"Ignored","floor":37,"damage_taken":0},{"event_name":"Purifier","player_choice":"One Purge","floor":38,"damage_taken":0},{"event_name":"Mysterious Sphere","player_choice":"Ignore","floor":42,"damage_taken":0},{"event_name":"Bonfire Elementals","player_choice":"RARE","floor":48,"damage_taken":0}],"boss_relics":[{"not_picked":["Ectoplasm","Velvet Choker","Runic Pyramid"]},{"not_picked":["Astrolabe","Pandora\u0027s Box"],"picked":"Tiny House"}],"potions_floor_spawned":[1,8,10,14,16,29,31,35,39,47],"seed_played":"1918280075361036796","ascension_level":14,"is_trial":false}