{"path_per_floor":["M","?","M","M","$","R","M","M","T","E","$","R","T","M","R","B",null,"M","M","?"],"character_chosen":"IRONCLAD","items_purchased":["Spot Weakness","Limit Break"],"gold_per_floor":[219,219,235,251,95,95,108,120,143,168,28,28,28,38,38,114,114,133,147,147],"floor_reached":21,"campfire_rested":1,"playtime":828,"current_hp_per_floor":[65,65,66,72,72,72,61,55,55,37,37,58,58,56,56,48,66,57,41,25],"items_purged":["Parasite"],"gold":147,"score":308,"play_id":"0f40a264-3839-4fd4-bc99-b4b7527a2d9f","is_prod":false,"is_daily":false,"is_ascension_mode":true,"campfire_upgraded":2,"path_taken":["M","?","?","?","?","R","M","M","T","E","$","R","?","M","R","BOSS","M","M","?","M"],"build_version":"2018-02-15-PROD1","purchased_purges":2,"victory":false,"master_deck":["Strike_R","Strike_R","Strike_R","Strike_R","Strike_R","Defend_R","Defend_R","Defend_R","Defend_R","Bash","Offering+1","Heavy Blade","Spot Weakness","Limit Break+1","Double Tap","Whirlwind"],"max_hp_per_floor":[75,75,75,75,72,72,72,72,72,72,72,72,72,72,72,72,72,72,72,72],"relics":["Burning Blood","Vajra","Ancient Tea Set","Ginger","Runic Cube","Enchiridion"],"card_choices":[{"not_picked":["Wild Strike","Whirlwind"],"picked":"Offering"},{"not_picked":["Flame Barrier","Thunderclap"],"picked":"Heavy Blade"},{"not_picked":["Barricade","Berserk"],"picked":"Double Tap"},{"not_picked":["Heavy Blade","Fire Breathing"],"picked":"Whirlwind"}],"player_experience":450214,"potions_floor_usage":[21],"damage_taken":[{"damage":9.0,"enemies":"Jaw Worm","floor":1.0,"turns":4.0},{"damage":5.0,"enemies":"Cultist","floor":3.0,"turns":4.0},{"damage":0.0,"enemies":"Small Slimes","floor":4.0,"turns":3.0},{"damage":17.0,"enemies":"Gremlin Gang","floor":7.0,"turns":5.0},{"damage":12.0,"enemies":"Red Slaver","floor":8.0,"turns":4.0},{"damage":24.0,"enemies":"Lagavulin","floor":10.0,"turns":3.0},{"damage":8.0,"enemies":"Exordium Wildlife","floor":14.0,"turns":2.0},{"damage":14.0,"enemies":"Slime Boss","floor":16.0,"turns":4.0},{"damage":15.0,"enemies":"Spheric Guardian","floor":18.0,"turns":3.0},{"damage":22.0,"enemies":"3 Byrds","floor":19.0,"turns":5.0},{"damage":36,"enemies":"Cultist and Chosen","floor":21,"turns":4}],"event_choices":[{"event_name":"The Woman in Blue","player_choice":"Bought 0 Potions","floor":2.0,"damage_taken":0.0},{"event_name":"Cursed Tome","player_choice":"Obtained Book","floor":20.0,"damage_taken":0.0}],"boss_relics":[],"potions_floor_spawned":[1,7,10,16],"seed_played":"552690141904262921","killed_by":"Cultist and Chosen","ascension_level":14,"is_trial":false}