{"path_per_floor":["M","M","M","M","?","E","R","M","T","R","$","E","M","M","R","B",null,"M","?","$","?","$","M","E","$","T","?","M","R","E","M","R","B",null,"M","?","$","T","M","R","E","R","T","?","M","R","M","M","R","B"],"character_chosen":"IRONCLAD","items_purchased":["Panacea","Master of Strategy","Clash","Clash","Limit Break"],"gold_per_floor":[112,126,139,150,150,183,183,202,225,225,51,83,102,116,116,211,241,257,257,34,34,11,24,49,49,49,49,63,63,89,104,104,201,201,217,217,46,46,65,65,90,90,165,165,181,181,200,219,219,219],"floor_reached":51,"campfire_rested":1,"playtime":1634,"current_hp_per_floor":[88,88,88,88,93,81,81,81,81,81,81,72,71,77,77,51,98,98,105,105,105,105,97,76,76,76,76,61,92,88,70,70,87,115,87,87,87,87,89,89,91,91,91,91,84,84,58,60,60,73],"items_purged":["Defend_R","Writhe"],"gold":219,"score":829,"play_id":"48a68e0a-bfb7-4864-b47d-898647417fa6","local_time":"20180313174207","is_prod":false,"is_daily":false,"is_ascension_mode":false,"campfire_upgraded":8,"timestamp":1520977327,"path_taken":["M","M","M","?","?","E","R","M","T","R","$","E","M","M","R","BOSS","M","?","$","?","?","M","E","$","T","?","?","R","E","?","R","BOSS","M","?","$","?","?","R","E","R","T","?","?","R","?","M","R","BOSS"],"build_version":"2018-03-09","purchased_purges":2,"victory":true,"master_deck":["Strike_R","Strike_R","Strike_R","Strike_R+1","Strike_R","Defend_R","Defend_R","Bash","Flex+1","Clash","Flex+1","Panacea+1","Flex+1","Clash","Offering+1","Heavy Blade","Master of Strategy+1","Clash","Clash","Battle Trance","Clash+1","Double Tap+1","Limit Break+1","Clash+1","Flex+1"],"max_hp_per_floor":[88,88,88,88,93,93,93,93,93,93,93,93,93,93,93,93,98,98,105,105,105,105,105,105,105,105,105,105,105,115,115,115,115,115,115,115,115,115,115,115,115,115,115,115,115,115,115,115,115,115],"relics":["Burning Blood","Ornamental Fan","Vajra","Red Skull","Tiny House","Strawberry","Happy Flower","Pantograph","Pear","Philosopher\u0027s Stone","Frozen Eye","Dream Catcher","Toxic Egg 2"],"card_choices":[{"not_picked":["Dual Wield","Twin Strike"],"picked":"Flex"},{"not_picked":["Anger","Flame Barrier"],"picked":"Clash"},{"not_picked":["Combust","Perfected Strike"],"picked":"Flex"},{"not_picked":["Perfected Strike","Burning Pact"],"picked":"Flex"},{"not_picked":["Heavy Blade","Anger"],"picked":"Clash"},{"not_picked":["Limit Break","Fiend Fire"],"picked":"Offering"},{"not_picked":["Thunderclap","Corruption"],"picked":"Heavy Blade"},{"not_picked":["Disarm","Wild Strike"],"picked":"Battle Trance"},{"not_picked":["Juggernaut","Sentinel"],"picked":"Clash"},{"not_picked":["Impervious","Limit Break"],"picked":"Double Tap"},{"not_picked":["Sever Soul","Metallicize"],"picked":"Clash"},{"not_picked":["Cleave","Pommel Strike"],"picked":"Flex"}],"player_experience":664645,"potions_floor_usage":[30,30,33,48,50,50],"damage_taken":[{"damage":6,"enemies":"Cultist","floor":1,"turns":3},{"damage":6,"enemies":"Jaw Worm","floor":2,"turns":3},{"damage":0,"enemies":"Small Slimes","floor":3,"turns":3},{"damage":3,"enemies":"2 Fungi Beasts","floor":4,"turns":4},{"damage":18,"enemies":"Gremlin Nob","floor":6,"turns":3},{"damage":6,"enemies":"Looter","floor":8,"turns":3},{"damage":15,"enemies":"3 Sentries","floor":12,"turns":6},{"damage":7,"enemies":"Blue Slaver","floor":13,"turns":2},{"damage":0,"enemies":"Large Slime","floor":14,"turns":4},{"damage":32,"enemies":"The Guardian","floor":16,"turns":6},{"damage":1,"enemies":"Spheric Guardian","floor":18,"turns":3},{"damage":14,"enemies":"3 Byrds","floor":23,"turns":4},{"damage":27,"enemies":"Gremlin Leader","floor":24,"turns":5},{"damage":21,"enemies":"Snake Plant","floor":28,"turns":2},{"damage":20,"enemies":"Book of Stabbing","floor":30,"turns":3},{"damage":24,"enemies":"Centurion and Healer","floor":31,"turns":4},{"damage":20,"enemies":"Collector","floor":33,"turns":5},{"damage":34,"enemies":"3 Shapes","floor":35,"turns":5},{"damage":4,"enemies":"Orb Walker","floor":39,"turns":1},{"damage":4,"enemies":"Giant Head","floor":41,"turns":3},{"damage":13,"enemies":"Sphere and 2 Shapes","floor":45,"turns":3},{"damage":32,"enemies":"4 Shapes","floor":47,"turns":3},{"damage":4,"enemies":"Maw","floor":48,"turns":2},{"damage":18,"enemies":"Awakened One","floor":50,"turns":4}],"event_choices":[{"event_name":"Big Fish","player_choice":"Donut","floor":5,"damage_taken":0},{"event_name":"The Mausoleum","player_choice":"Yes","floor":19,"damage_taken":0},{"event_name":"Drug Dealer","player_choice":"Ignored","floor":21,"damage_taken":0},{"event_name":"Beggar","player_choice":"Ignored","floor":27,"damage_taken":0},{"event_name":"Tomb of Lord Red Mask","player_choice":"Ignored","floor":36,"damage_taken":0},{"event_name":"Bonfire Elementals","player_choice":"BASIC","floor":44,"damage_taken":0}],"boss_relics":[{"not_picked":["Black Star","Mark of Pain"],"picked":"Tiny House"},{"not_picked":["Runic Cube","Orrery"],"picked":"Philosopher\u0027s Stone"}],"potions_floor_spawned":[1,6,8,13,14,23,30,31,35,41],"seed_played":"403125404082386972","ascension_level":0,"is_trial":false}