{"path_per_floor":["M","M","?","?","M","R","M","M","T","R","E","M","$","M","R","B",null,"M","?","?","M","M","E","$","M","T","M","R","$","?","?","R","B",null,"M","?","M","?","?","R","?","?","T","R","$","M","?","M","R"],"character_chosen":"IRONCLAD","items_purchased":["Clash","Whetstone","Juzu Bracelet","Flash of Steel","Energy Potion","Flex","Inflame","Strength Potion"],"gold_per_floor":[112,132,307,307,326,326,344,360,360,360,393,411,76,95,95,190,220,232,232,232,249,267,300,138,155,227,238,238,100,100,100,100,195,195,215,215,227,227,274,274,274,274,274,274,15,27,27,38,38],"floor_reached":50,"campfire_rested":1,"playtime":2351,"current_hp_per_floor":[80,76,76,60,66,66,72,71,71,71,71,77,77,80,80,44,85,82,82,82,85,85,72,72,82,82,72,72,72,72,72,72,58,85,74,74,84,84,75,75,85,85,85,85,85,79,79,52,77],"items_purged":["Defend_R","Defend_R","Defend_R","Immolate"],"gold":38,"score":438,"play_id":"ce72c213-ed3e-4912-8c57-e2be8f0ec55b","local_time":"20180303214348","is_prod":false,"is_daily":false,"is_ascension_mode":false,"campfire_upgraded":7,"timestamp":1520131428,"path_taken":["M","M","?","?","M","R","?","M","T","R","E","?","$","M","R","BOSS","M","?","?","M","M","E","$","M","T","M","R","$","?","?","R","BOSS","M","?","M","?","?","R","?","?","T","R","$","M","?","M","R","BOSS"],"build_version":"2018-03-01-PROD1","purchased_purges":6,"victory":false,"master_deck":["Bash+1","Battle Trance+1","Clash+1","Flex+1","Clash","Clash","Clash+1","Clash","Offering+1","Pommel Strike+1","Bite+1","Bite","Bite","Flex+1","Clash+1","Flash of Steel","Whirlwind+1","Flex","Inflame","Pommel Strike+1"],"max_hp_per_floor":[80,80,80,80,80,80,80,80,80,80,80,80,80,80,80,80,85,85,85,85,85,85,85,85,85,85,85,85,85,85,85,85,85,85,85,85,85,85,85,85,85,85,85,85,85,85,85,85,85],"relics":["Burning Blood","Omamori","The Courier","Whetstone","Juzu Bracelet","Tiny House","Oddly Smooth Stone","Kunai","Philosopher\u0027s Stone","Dead Branch","Peace Pipe"],"card_choices":[{"not_picked":["Anger","Evolve"],"picked":"Battle Trance"},{"not_picked":["Cleave","Thunderclap"],"picked":"Clash"},{"not_picked":["Pommel Strike","Heavy Blade"],"picked":"Flex"},{"not_picked":["Heavy Blade","Corruption"],"picked":"Clash"},{"not_picked":["Intimidate","Impervious"],"picked":"Clash"},{"not_picked":["Twin Strike","Body Slam"],"picked":"Clash"},{"not_picked":["Limit Break","Barricade"],"picked":"Offering"},{"not_picked":["Infernal Blade","True Grit"],"picked":"Pommel Strike"},{"not_picked":["Shrug It Off","Twin Strike"],"picked":"Clash"},{"not_picked":["Limit Break","Double Tap"],"picked":"Immolate"},{"not_picked":["Clothesline","Inflame"],"picked":"Whirlwind"},{"not_picked":["Searing Blow","Intimidate"],"picked":"Pommel Strike"}],"player_experience":574056,"potions_floor_usage":[23,50,50],"damage_taken":[{"damage":3.0,"enemies":"2 Louse","floor":1.0,"turns":3.0},{"damage":10.0,"enemies":"Jaw Worm","floor":2.0,"turns":4.0},{"damage":0.0,"enemies":"Small Slimes","floor":5.0,"turns":3.0},{"damage":0.0,"enemies":"2 Fungi Beasts","floor":7.0,"turns":5.0},{"damage":7.0,"enemies":"Blue Slaver","floor":8.0,"turns":3.0},{"damage":8.0,"enemies":"Gremlin Nob","floor":11.0,"turns":3.0},{"damage":2.0,"enemies":"Lots of Slimes","floor":12.0,"turns":4.0},{"damage":3.0,"enemies":"Gremlin Gang","floor":14.0,"turns":2.0},{"damage":42.0,"enemies":"Hexaghost","floor":16.0,"turns":5.0},{"damage":9.0,"enemies":"3 Byrds","floor":18.0,"turns":4.0},{"damage":4.0,"enemies":"Spheric Guardian","floor":21.0,"turns":2.0},{"damage":11.0,"enemies":"Centurion and Healer","floor":22.0,"turns":3.0},{"damage":25,"enemies":"Book of Stabbing","floor":23,"turns":3},{"damage":4,"enemies":"3 Cultists","floor":25,"turns":3},{"damage":19,"enemies":"Snecko","floor":27,"turns":4},{"damage":38,"enemies":"Automaton","floor":33,"turns":6},{"damage":19,"enemies":"3 Shapes","floor":35,"turns":2},{"damage":4,"enemies":"3 Darklings","floor":37,"turns":2},{"damage":16,"enemies":"Mysterious Sphere","floor":39,"turns":2},{"damage":12,"enemies":"Sphere and 2 Shapes","floor":46,"turns":1},{"damage":40,"enemies":"4 Shapes","floor":48,"turns":2},{"damage":88,"enemies":"Time Eater","floor":50,"turns":3}],"event_choices":[{"event_name":"Liars Game","player_choice":"agreed","floor":3.0,"damage_taken":0.0},{"event_name":"Shining Light","player_choice":"Entered Light","floor":4.0,"damage_taken":0.0},{"event_name":"Vampires","player_choice":"Became a vampire (Vial)","floor":19.0,"damage_taken":0.0},{"event_name":"The Library","player_choice":"Read","floor":20.0,"damage_taken":0.0},{"event_name":"Bonfire Elementals","player_choice":"BASIC","floor":30,"damage_taken":0},{"event_name":"The Woman in Blue","player_choice":"Bought 0 Potions","floor":31,"damage_taken":0},{"event_name":"Purifier","player_choice":"One Purge","floor":36,"damage_taken":0},{"event_name":"Tomb of Lord Red Mask","player_choice":"Ignored","floor":38,"damage_taken":0},{"event_name":"Mysterious Sphere","player_choice":"Fight","floor":39,"damage_taken":0},{"event_name":"Winding Halls","player_choice":"Writhe","floor":41,"damage_taken":0},{"event_name":"Match and Keep!","player_choice":"0 cards matched","floor":47,"damage_taken":0}],"boss_relics":[{"not_picked":["Black Star","Question Card"],"picked":"Philosopher\u0027s Stone"}],"potions_floor_spawned":[1,5,8,14,23,33,37,48],"seed_played":"8933939658142736800","killed_by":"Time Eater","ascension_level":0,"is_trial":false}