{"path_per_floor":["M","$","?","$","M","R","M","M","T","?","R","M","E","M","R","B",null,"M","M","M","?","M","R","$","R","T","?","M","$","M","M","R","B",null,"M","M","?","$","?","M","M","$","T","M","R","M","R","M","R","B"],"character_chosen":"IRONCLAD","items_purchased":["Clash","Inflame","Girya","Lantern"],"gold_per_floor":[210,18,93,93,113,113,132,142,142,142,142,156,182,197,197,299,299,313,329,344,594,610,610,215,215,262,262,272,4,24,38,38,137,137,148,158,158,8,8,26,46,46,72,90,90,105,105,121,121,121],"floor_reached":51,"campfire_rested":2,"playtime":943,"current_hp_per_floor":[78,78,67,67,67,67,73,79,79,79,79,80,74,72,72,37,80,76,74,62,62,42,42,42,42,42,42,31,31,24,27,51,49,80,80,80,80,80,80,80,74,74,74,74,74,80,80,59,80,14],"items_purged":["Defend_R","Regret","Pain","Writhe"],"gold":121,"score":605,"play_id":"332e20aa-69f6-42fc-8a4f-1eba40c8e4a3","local_time":"20180302153345","is_prod":false,"is_daily":false,"is_ascension_mode":false,"campfire_upgraded":4,"timestamp":1520022825,"path_taken":["M","$","?","$","M","R","M","M","T","?","R","M","E","?","R","BOSS","M","?","M","?","M","R","$","R","T","?","M","$","?","M","R","BOSS","M","M","?","$","?","M","M","?","T","M","R","?","R","M","R","BOSS"],"build_version":"2018-03-01-PROD1","purchased_purges":4,"victory":true,"master_deck":["Strike_R","Strike_R","Strike_R","Strike_R","Strike_R","Defend_R","Defend_R","Defend_R","Bash+1","Clash","Inflame+1","Whirlwind+1","Flex+1","Battle Trance+1","Heavy Blade+1","Pommel Strike+1","Flex+1","Injury"],"max_hp_per_floor":[80,80,80,80,80,80,80,80,80,80,80,80,80,80,80,80,80,80,80,80,80,80,80,80,80,80,80,80,80,80,80,80,80,80,80,80,80,80,80,80,80,80,80,80,80,80,80,80,80,80],"relics":["Burning Blood","Oddly Smooth Stone","Blood Vial","Cursed Key","Girya","Anchor","Mummified Hand","Lantern","Philosopher\u0027s Stone","Regal Pillow"],"card_choices":[{"not_picked":["Bloodletting","Pommel Strike"],"picked":"Whirlwind"},{"not_picked":["Sever Soul","Rupture"],"picked":"Flex"},{"not_picked":["Wild Strike","Headbutt"],"picked":"Battle Trance"},{"not_picked":["Armaments","Dual Wield"],"picked":"Heavy Blade"},{"not_picked":["Iron Wave","Perfected Strike"],"picked":"Pommel Strike"}],"player_experience":559787,"potions_floor_usage":[50,50,50],"damage_taken":[{"damage":8.0,"enemies":"2 Louse","floor":1.0,"turns":3.0},{"damage":6.0,"enemies":"Jaw Worm","floor":5.0,"turns":2.0},{"damage":0.0,"enemies":"Cultist","floor":7.0,"turns":2.0},{"damage":0.0,"enemies":"2 Fungi Beasts","floor":8.0,"turns":1.0},{"damage":0.0,"enemies":"Gremlin Gang","floor":12.0,"turns":1.0},{"damage":12.0,"enemies":"3 Sentries","floor":13.0,"turns":3.0},{"damage":10.0,"enemies":"Looter","floor":14.0,"turns":3.0},{"damage":43.0,"enemies":"The Guardian","floor":16.0,"turns":5.0},{"damage":10.0,"enemies":"Spheric Guardian","floor":18.0,"turns":3.0},{"damage":10.0,"enemies":"Shell Parasite","floor":19.0,"turns":3.0},{"damage":20.0,"enemies":"Snecko","floor":20.0,"turns":4.0},{"damage":28.0,"enemies":"Centurion and Healer","floor":22.0,"turns":4.0},{"damage":19.0,"enemies":"Chosen and Byrds","floor":28.0,"turns":4.0},{"damage":15.0,"enemies":"Snecko","floor":30.0,"turns":3.0},{"damage":5.0,"enemies":"Snake Plant","floor":31.0,"turns":2.0},{"damage":10.0,"enemies":"Automaton","floor":33.0,"turns":6.0},{"damage":0.0,"enemies":"Orb Walker","floor":35.0,"turns":2.0},{"damage":0.0,"enemies":"3 Shapes","floor":36.0,"turns":3.0},{"damage":0.0,"enemies":"3 Darklings","floor":40.0,"turns":1.0},{"damage":12.0,"enemies":"4 Shapes","floor":41.0,"turns":3.0},{"damage":8.0,"enemies":"Sphere and 2 Shapes","floor":44.0,"turns":2.0},{"damage":0.0,"enemies":"3 Darklings","floor":46.0,"turns":1.0},{"damage":27.0,"enemies":"Maw","floor":48.0,"turns":3.0},{"damage":84,"enemies":"Awakened One","floor":50,"turns":7}],"event_choices":[{"event_name":"World of Goop","player_choice":"Gather Gold","floor":3.0,"damage_taken":0.0},{"event_name":"Upgrade Shrine","player_choice":"Upgraded","floor":10.0,"damage_taken":0.0},{"event_name":"Golden Shrine","player_choice":"Desecrate","floor":21.0,"damage_taken":0.0},{"event_name":"The Mausoleum","player_choice":"Yes","floor":27.0,"damage_taken":0.0},{"event_name":"Winding Halls","player_choice":"Writhe","floor":37.0,"damage_taken":0.0},{"event_name":"Duplicator","player_choice":"One dupe","floor":39.0,"damage_taken":0.0}],"boss_relics":[],"potions_floor_spawned":[1,12,20,30,33,35,36,46],"seed_played":"-2459952488107128085","ascension_level":0,"is_trial":false}