{"path_per_floor":["M","?","M","?","T","E","?","M","T","R","$","M","R","M","R","B",null,"M","?","M"],"character_chosen":"IRONCLAD","items_purchased":["Strawberry","Bloodletting"],"gold_per_floor":[116,66,78,153,153,186,186,215,242,242,25,97,97,177,177,469,469,571,571,713],"floor_reached":21,"campfire_rested":0,"playtime":719,"current_hp_per_floor":[80,80,80,69,69,75,75,78,78,78,85,77,77,68,68,10,87,63,46,10],"items_purged":[],"gold":773,"score":204,"play_id":"6ad0d866-ad5d-49b9-b11a-fa73ceb00129","local_time":"20180316230112","is_prod":false,"is_daily":false,"is_ascension_mode":false,"campfire_upgraded":3,"timestamp":1521255672,"path_taken":["M","?","M","?","?","E","?","M","T","R","$","M","R","M","R","BOSS","M","?","M","M"],"build_version":"2018-03-15v2","purchased_purges":0,"victory":false,"master_deck":["Strike_R+1","Strike_R","Strike_R","Strike_R","Defend_R","Defend_R","Defend_R","Defend_R","Bash+1","Rupture+1","Regret","Bloodletting","Offering"],"max_hp_per_floor":[80,80,80,80,80,80,80,80,80,80,87,87,87,87,87,87,87,87,92,92],"relics":["Burning Blood","NeowsBlessing","Torii","Blood Vial","MoneyMoneyMoney","Anchor","MoneyMoneyMoney","Runic Cube"],"card_choices":[{"not_picked":["Headbutt","Burning Pact"],"picked":"Rupture"},{"not_picked":["Fiend Fire","Reaper"],"picked":"Offering"}],"player_experience":691351,"potions_floor_usage":[20,21,21],"damage_taken":[{"damage":0,"enemies":"2 Louse","floor":1,"turns":1},{"damage":0,"enemies":"Jaw Worm","floor":3,"turns":1},{"damage":0,"enemies":"Gremlin Nob","floor":6,"turns":1},{"damage":5,"enemies":"Cultist","floor":8,"turns":4},{"damage":16,"enemies":"Blue Slaver","floor":12,"turns":5},{"damage":17,"enemies":"3 Louse","floor":14,"turns":5},{"damage":66,"enemies":"Hexaghost","floor":16,"turns":9},{"damage":30,"enemies":"Shell Parasite","floor":18,"turns":5},{"damage":44,"enemies":"3 Byrds","floor":20,"turns":6},{"damage":23,"enemies":"Centurion and Healer","floor":21,"turns":3}],"event_choices":[{"event_name":"The Cleric","player_choice":"Card Removal","floor":2,"damage_taken":0},{"event_name":"World of Goop","player_choice":"Gather Gold","floor":4,"damage_taken":0},{"event_name":"Big Fish","player_choice":"Box","floor":7,"damage_taken":0},{"event_name":"Forgotten Altar","player_choice":"Shed Blood","floor":19,"damage_taken":0}],"boss_relics":[{"not_picked":["Lizard Tail","Mark of Pain"],"picked":"Runic Cube"}],"potions_floor_spawned":[1,6,12,18],"seed_played":"1650337406833912062","killed_by":"Centurion and Healer","ascension_level":0,"is_trial":false}