{"path_per_floor":["M","?","$","?","M","R","?","E","T","R","M","T","$","M","R","B",null,"M","M","M","?","M","R","$","R","T","M","?","R","M","M","R","B",null,"M","M","M","$","M","R"],"character_chosen":"IRONCLAD","items_purchased":["Searing Blow","Fire Potion","Meat on the Bone"],"gold_per_floor":[210,210,99,99,120,120,120,159,212,212,228,228,76,97,97,220,258,276,291,307,307,330,330,89,89,89,102,102,102,126,145,145,266,266,286,306,320,195,209,209,209],"floor_reached":41,"campfire_rested":1,"playtime":1423,"current_hp_per_floor":[75,75,75,55,54,54,59,45,45,45,51,51,51,48,48,44,87,82,58,30,30,23,23,23,23,37,45,45,45,52,65,99,61,101,40,43,41,41,40,40,40],"items_purged":["Strike_R","Strike_R","Strike_R"],"gold":209,"score":623,"play_id":"683635c2-f7bf-49d6-adba-fd41a3883326","local_time":"20180323221500","is_prod":false,"is_daily":false,"is_ascension_mode":true,"campfire_upgraded":7,"timestamp":1521857700,"path_taken":["M","?","$","?","M","R","?","E","T","R","M","?","$","?","R","BOSS","M","M","M","?","M","R","$","R","T","?","?","R","M","M","R","BOSS","M","M","M","?","M","R","M"],"build_version":"2018-03-22v2","purchased_purges":4,"victory":false,"master_deck":["Strike_R+1","Defend_R","Defend_R","Defend_R","Bash","Searing Blow+7","Double Tap","Shrug It Off+1","Shrug It Off+1"],"max_hp_per_floor":[80,80,80,80,80,80,85,95,95,95,95,95,95,95,95,95,100,100,100,100,100,100,100,100,100,114,114,114,114,114,114,114,114,114,114,114,114,114,114,114,114],"relics":["Burning Blood","Golden Idol","Pear","Tiny Chest","Bag of Marbles","Tiny House","Meat on the Bone","Mango","Sozu"],"card_choices":[{"not_picked":["Limit Break","Fiend Fire"],"picked":"Double Tap","floor":16.0},{"not_picked":["Juggernaut","Sentinel"],"picked":"Shrug It Off","floor":22.0},{"not_picked":["Combust","Twin Strike"],"picked":"Shrug It Off","floor":37}],"player_experience":744147,"potions_floor_usage":[35,35],"damage_taken":[{"damage":3.0,"enemies":"Jaw Worm","floor":1.0,"turns":5.0},{"damage":7.0,"enemies":"2 Louse","floor":5.0,"turns":4.0},{"damage":30.0,"enemies":"3 Sentries","floor":8.0,"turns":9.0},{"damage":0.0,"enemies":"Small Slimes","floor":11.0,"turns":3.0},{"damage":9.0,"enemies":"Exordium Wildlife","floor":14.0,"turns":4.0},{"damage":10.0,"enemies":"Slime Boss","floor":16.0,"turns":7.0},{"damage":11.0,"enemies":"Spheric Guardian","floor":18.0,"turns":3.0},{"damage":30.0,"enemies":"Chosen","floor":19.0,"turns":4.0},{"damage":34.0,"enemies":"Sentry and Sphere","floor":20.0,"turns":5.0},{"damage":13.0,"enemies":"Snecko","floor":22.0,"turns":3.0},{"damage":10.0,"enemies":"Centurion and Healer","floor":27.0,"turns":3.0},{"damage":14.0,"enemies":"Slaver and Parasite","floor":30.0,"turns":2.0},{"damage":5.0,"enemies":"Cultist and Chosen","floor":31.0,"turns":4.0},{"damage":56.0,"enemies":"Collector","floor":33.0,"turns":5.0},{"damage":94,"enemies":"3 Darklings","floor":35,"turns":13},{"damage":15,"enemies":"3 Shapes","floor":36,"turns":4},{"damage":20,"enemies":"Sphere and 2 Shapes","floor":37,"turns":5},{"damage":19,"enemies":"Maw","floor":39,"turns":5},{"damage":0,"enemies":"3 Darklings","floor":41,"turns":1}],"event_choices":[{"event_name":"Living Wall","player_choice":"Forget","floor":2.0,"damage_taken":0.0},{"event_name":"Golden Idol","player_choice":"Take Damage","floor":4.0,"damage_taken":0.0},{"event_name":"Big Fish","player_choice":"Donut","floor":7.0,"damage_taken":0.0},{"event_name":"Drug Dealer","player_choice":"Ignored","floor":21.0,"damage_taken":0.0},{"event_name":"Wheel of Change","player_choice":"Card Removal","floor":28.0,"damage_taken":0.0}],"boss_relics":[],"potions_floor_spawned":[1,8,16,19,22,31,33,37],"seed_played":"-6795931232467408856","killed_by":"3 Darklings","ascension_level":9,"is_trial":false}