{"path_per_floor":["M","?","$","M","M","E","R","E","T","M","?","M","T","M","R","B",null,"M","?","$","M","?","R","?"],"character_chosen":"IRONCLAD","items_purchased":["Hemokinesis"],"gold_per_floor":[114,114,36,52,69,96,96,122,195,213,388,407,430,441,441,537,537,549,0,0,18,18,18,18],"floor_reached":25,"campfire_rested":3,"playtime":847,"current_hp_per_floor":[80,80,80,78,80,43,67,36,36,33,33,36,36,34,63,8,100,64,64,64,34,34,65,65],"items_purged":[],"gold":18,"score":236,"play_id":"f39f6647-0a55-41a3-b103-291245e974d5","local_time":"20180315193612","is_prod":false,"is_daily":false,"is_ascension_mode":false,"campfire_upgraded":0,"timestamp":1521156972,"path_taken":["M","?","$","M","M","E","R","E","T","M","?","M","?","M","R","BOSS","M","?","$","M","?","R","?","?"],"build_version":"2018-03-09","purchased_purges":0,"victory":false,"master_deck":["Strike_R","Strike_R","Strike_R","Strike_R","Strike_R","Defend_R","Defend_R","Defend_R","Defend_R","Bash","Hemokinesis","Feed","Brutality","Writhe"],"max_hp_per_floor":[80,80,80,80,80,80,80,85,85,90,90,95,95,97,97,100,100,102,102,102,104,104,104,104],"relics":["Burning Blood","Singing Bowl","RustyGear","Kunai","Anchor","Runic Cube","MagicPiggyBank"],"card_choices":[{"not_picked":["Shrug It Off","Wild Strike"],"picked":"Feed"},{"not_picked":["Barricade","Berserk"],"picked":"Brutality"}],"player_experience":677100,"potions_floor_usage":[14,16,16,18,21,25],"damage_taken":[{"damage":3,"enemies":"Small Slimes","floor":1,"turns":4},{"damage":8,"enemies":"2 Louse","floor":4,"turns":2},{"damage":4,"enemies":"Cultist","floor":5,"turns":3},{"damage":43,"enemies":"Lagavulin","floor":6,"turns":7},{"damage":42,"enemies":"3 Sentries","floor":8,"turns":9},{"damage":14,"enemies":"Blue Slaver","floor":10,"turns":4},{"damage":8,"enemies":"Looter","floor":12,"turns":3},{"damage":10,"enemies":"Exordium Wildlife","floor":14,"turns":6},{"damage":64,"enemies":"Slime Boss","floor":16,"turns":20},{"damage":44,"enemies":"Spheric Guardian","floor":18,"turns":5},{"damage":38,"enemies":"Shell Parasite","floor":21,"turns":6},{"damage":70,"enemies":"3 Cultists","floor":25,"turns":6}],"event_choices":[{"event_name":"The Cleric","player_choice":"Leave","floor":2,"damage_taken":0},{"event_name":"Liars Game","player_choice":"agreed","floor":11,"damage_taken":0},{"event_name":"The Mausoleum","player_choice":"Yes","floor":19,"damage_taken":0},{"event_name":"Addict","player_choice":"Ignored","floor":22,"damage_taken":0},{"event_name":"Back to Basics","player_choice":"Elegance","floor":24,"damage_taken":0}],"boss_relics":[{"not_picked":["Calling Bell","Pandora\u0027s Box"],"picked":"Runic Cube"}],"potions_floor_spawned":[4,8,10,12,14,16,18],"seed_played":"8354897537653413924","killed_by":"3 Cultists","ascension_level":0,"is_trial":false}