{"path_per_floor":["M","M","?","$","M","R","?","M","T","M","M","R","?","M","R","B",null,"M","M","$","M","?","M","?","R","T","$","M","?","?","M","R","B",null,"M","?","M","M","$","R","T","$","T","R","?","M","?","M","R","B"],"character_chosen":"IRONCLAD","items_purchased":["Barricade","Lee\u0027s Waffle","True Grit"],"gold_per_floor":[215,228,228,80,92,92,167,185,185,197,211,211,211,221,221,322,322,334,353,58,75,75,85,0,0,0,0,20,20,20,33,33,136,136,152,152,166,182,57,57,109,56,79,79,79,94,94,114,114,114],"floor_reached":51,"campfire_rested":1,"playtime":1502,"current_hp_per_floor":[80,80,80,80,79,79,68,69,69,75,68,68,57,59,59,39,87,70,76,94,77,77,79,79,79,79,79,67,67,48,50,79,81,99,96,96,98,99,99,99,99,99,99,99,99,99,99,99,99,99],"items_purged":["Strike_R","Strike_R","Strike_R"],"gold":114,"score":816,"play_id":"9b88f286-111a-4266-b03b-caead43a05b8","local_time":"20180325041352","is_prod":false,"is_daily":false,"is_ascension_mode":false,"campfire_upgraded":7,"timestamp":1521965632,"path_taken":["M","M","?","$","M","R","?","M","T","M","M","R","?","?","R","BOSS","M","M","$","M","?","M","?","R","T","?","?","?","?","M","R","BOSS","M","?","?","M","$","R","?","?","T","R","?","?","?","M","R","BOSS"],"build_version":"2018-03-22v2","purchased_purges":3,"victory":true,"master_deck":["Defend_R","Defend_R+1","Defend_R+1","Bash+1","Heavy Blade+1","Barricade+1","Whirlwind+1","Shrug It Off+1","Offering+1","Body Slam+1","Shrug It Off+1","Battle Trance+1","Entrench+1","True Grit+1"],"max_hp_per_floor":[80,80,80,80,80,80,80,80,80,80,80,80,87,87,87,87,87,87,87,94,94,94,94,94,94,94,94,94,94,99,99,99,99,99,99,99,99,99,99,99,99,99,99,99,99,99,99,99,99,99],"relics":["Burning Blood","War Paint","Strawberry","Philosopher\u0027s Stone","Lee\u0027s Waffle","Pen Nib","Unceasing Top","Orichalcum","Runic Dome","Anchor","Happy Flower"],"card_choices":[{"not_picked":["Spot Weakness","Iron Wave"],"picked":"Heavy Blade","floor":1.0},{"not_picked":["Anger","Combust"],"picked":"Whirlwind","floor":5.0},{"not_picked":["Headbutt","Bludgeon"],"picked":"Shrug It Off","floor":11.0},{"not_picked":["Feed","Reaper"],"picked":"Offering","floor":16.0},{"not_picked":["Havoc","Armaments"],"picked":"Body Slam","floor":18.0},{"not_picked":["Clothesline","Clash"],"picked":"Shrug It Off","floor":23.0},{"not_picked":["Headbutt","Thunderclap"],"picked":"Battle Trance","floor":28.0},{"not_picked":["Headbutt","Perfected Strike"],"picked":"Entrench","floor":35.0}],"player_experience":753623,"potions_floor_usage":[38,50,50],"damage_taken":[{"damage":6.0,"enemies":"Jaw Worm","floor":1.0,"turns":3.0},{"damage":6.0,"enemies":"Cultist","floor":2.0,"turns":3.0},{"damage":7.0,"enemies":"Small Slimes","floor":5.0,"turns":5.0},{"damage":5.0,"enemies":"2 Fungi Beasts","floor":8.0,"turns":3.0},{"damage":0.0,"enemies":"3 Louse","floor":10.0,"turns":2.0},{"damage":13.0,"enemies":"Red Slaver","floor":11.0,"turns":3.0},{"damage":4.0,"enemies":"Looter","floor":14.0,"turns":3.0},{"damage":26.0,"enemies":"Slime Boss","floor":16.0,"turns":7.0},{"damage":23.0,"enemies":"2 Thieves","floor":18.0,"turns":3.0},{"damage":0.0,"enemies":"3 Byrds","floor":19.0,"turns":4.0},{"damage":23.0,"enemies":"Slaver and Parasite","floor":21.0,"turns":7.0},{"damage":4.0,"enemies":"3 Cultists","floor":23.0,"turns":4.0},{"damage":18.0,"enemies":"Centurion and Healer","floor":28.0,"turns":2.0},{"damage":4.0,"enemies":"Cultist and Chosen","floor":31.0,"turns":4.0},{"damage":4.0,"enemies":"Collector","floor":33.0,"turns":7.0},{"damage":9.0,"enemies":"3 Darklings","floor":35.0,"turns":2.0},{"damage":4,"enemies":"3 Shapes","floor":37,"turns":3},{"damage":4,"enemies":"3 Darklings","floor":38,"turns":2},{"damage":4,"enemies":"Maw","floor":46,"turns":3},{"damage":4,"enemies":"4 Shapes","floor":48,"turns":3},{"damage":4,"enemies":"Time Eater","floor":50,"turns":3}],"event_choices":[{"event_name":"Upgrade Shrine","player_choice":"Upgraded","floor":3.0,"damage_taken":0.0},{"event_name":"World of Goop","player_choice":"Gather Gold","floor":7.0,"damage_taken":0.0},{"event_name":"Scrap Ooze","player_choice":"success","floor":13.0,"damage_taken":18.0},{"event_name":"Upgrade Shrine","player_choice":"Upgraded","floor":22.0,"damage_taken":0.0},{"event_name":"Addict","player_choice":"Obtained Relic","floor":24.0,"damage_taken":0.0},{"event_name":"The Mausoleum","player_choice":"Yes","floor":29.0,"damage_taken":0.0},{"event_name":"Forgotten Altar","player_choice":"Shed Blood","floor":30.0,"damage_taken":0.0},{"event_name":"Purifier","player_choice":"One Purge","floor":45,"damage_taken":0},{"event_name":"Purifier","player_choice":"One Purge","floor":47,"damage_taken":0}],"boss_relics":[],"potions_floor_spawned":[1,5,8,14,16,21,31,38,46,48],"seed_played":"-7072005399349531610","ascension_level":0,"is_trial":false}