{"path_per_floor":["M","$","M","M","M","R","M","R","T","?","?","R","?","$","R","B",null,"M","M","M","M","?","R","$","R","T","M","?","R","?","M","R"],"character_chosen":"IRONCLAD","items_purchased":[],"gold_per_floor":[113,113,127,145,163,163,181,181,181,181,181,181,181,181,181,277,277,294,314,327,340,340,340,340,340,340,355,355,355,355,369,369],"floor_reached":33,"campfire_rested":3,"playtime":922,"current_hp_per_floor":[74,74,74,74,62,62,57,57,57,62,62,62,62,62,62,7,85,75,53,53,19,19,44,44,69,69,62,62,62,62,24,49],"items_purged":[],"gold":369,"score":263,"play_id":"d92ff5f9-b4af-45e0-944f-2115749bdf5a","local_time":"20180316031558","is_prod":false,"is_daily":false,"is_ascension_mode":false,"campfire_upgraded":5,"timestamp":1521184558,"path_taken":["M","?","M","M","M","R","M","R","T","?","?","R","?","?","R","BOSS","M","M","?","M","?","R","$","R","T","M","?","R","?","M","R","BOSS"],"build_version":"2018-03-15","purchased_purges":0,"victory":false,"master_deck":["Bash+1","Body Slam+1","Power Through+1","Blood for Blood+1","Wild Strike+1","Entrench+1","Fiend Fire+1","Wild Strike","True Grit","Headbutt","True Grit+1","Wild Strike","Wild Strike+1"],"max_hp_per_floor":[80,80,80,80,80,80,80,80,80,85,85,85,85,85,85,85,85,85,85,85,85,85,85,85,85,85,85,85,85,85,85,85],"relics":["Astrolabe","Magic Flower","Pandora\u0027s Box","Bronze Scales","Red Skull"],"card_choices":[{"not_picked":["Havoc","Rampage"],"picked":"Wild Strike"},{"not_picked":["Cleave","Shrug It Off"],"picked":"Entrench"},{"not_picked":["Feed","Exhume"],"picked":"Fiend Fire"},{"not_picked":["Flex","Body Slam"],"picked":"True Grit"},{"not_picked":["True Grit","Shrug It Off"],"picked":"Wild Strike"},{"not_picked":["Carnage","Armaments"],"picked":"Wild Strike"}],"player_experience":689003,"potions_floor_usage":[33,33],"damage_taken":[{"damage":6.0,"enemies":"Cultist","floor":1.0,"turns":3.0},{"damage":0.0,"enemies":"2 Louse","floor":3.0,"turns":2.0},{"damage":0.0,"enemies":"Jaw Worm","floor":4.0,"turns":2.0},{"damage":12.0,"enemies":"Gremlin Gang","floor":5.0,"turns":5.0},{"damage":5.0,"enemies":"3 Louse","floor":7.0,"turns":3.0},{"damage":55.0,"enemies":"Hexaghost","floor":16.0,"turns":10.0},{"damage":10.0,"enemies":"Spheric Guardian","floor":18.0,"turns":3.0},{"damage":22.0,"enemies":"Shell Parasite","floor":19.0,"turns":6.0},{"damage":0.0,"enemies":"Snecko","floor":20.0,"turns":3.0},{"damage":34.0,"enemies":"Cultist and Chosen","floor":21.0,"turns":7.0},{"damage":7,"enemies":"Snake Plant","floor":27,"turns":3},{"damage":38,"enemies":"Centurion and Healer","floor":31,"turns":4},{"damage":81,"enemies":"Automaton","floor":33,"turns":6}],"event_choices":[{"event_name":"Big Fish","player_choice":"Donut","floor":10.0,"damage_taken":0.0},{"event_name":"Living Wall","player_choice":"Forget","floor":11.0,"damage_taken":0.0},{"event_name":"Purifier","player_choice":"One Purge","floor":13.0,"damage_taken":0.0},{"event_name":"The Mausoleum","player_choice":"Yes","floor":22,"damage_taken":0},{"event_name":"Drug Dealer","player_choice":"Ignored","floor":28,"damage_taken":0},{"event_name":"Purifier","player_choice":"One Purge","floor":30,"damage_taken":0}],"boss_relics":[],"potions_floor_spawned":[3,7,16,18,20,27,31],"seed_played":"3400669925458475332","killed_by":"Automaton","ascension_level":0,"is_trial":false}