{"path_per_floor":["M","?","M","$","M","E","R","?","T","M","R","$","R","M","R","B",null,"M","?","$","M","M","E","$","?","T","M","R"],"character_chosen":"IRONCLAD","items_purchased":["Pommel Strike","Bag of Preparation","Anchor"],"gold_per_floor":[118,68,87,34,46,80,80,255,255,270,270,46,46,66,66,168,168,178,178,25,41,51,82,82,82,82,97,97],"floor_reached":29,"campfire_rested":1,"playtime":1210,"current_hp_per_floor":[86,86,87,87,88,66,66,66,66,59,59,59,59,56,56,27,88,80,80,80,82,74,44,44,27,27,15,43],"items_purged":["Doubt"],"gold":97,"score":268,"play_id":"5d90ae41-a2ee-44ba-92fd-f6db5d4e627d","local_time":"20180321235256","is_prod":false,"is_daily":false,"is_ascension_mode":false,"campfire_upgraded":4,"timestamp":1521690776,"path_taken":["M","?","?","?","M","E","R","?","T","M","R","$","R","M","R","BOSS","M","?","$","M","?","E","$","?","T","M","R","M"],"build_version":"2018-03-15v3","purchased_purges":1,"victory":false,"master_deck":["Strike_R+1","Strike_R","Strike_R","Strike_R","Strike_R","Defend_R","Defend_R","Defend_R","Bash+1","Battle Trance+1","Pommel Strike+1","Offering","Seeing Red","Clash"],"max_hp_per_floor":[88,88,88,88,88,88,88,88,88,88,88,88,88,88,88,88,88,88,88,88,88,88,88,88,93,93,95,95],"relics":["Burning Blood","Pantograph","Vajra","Bag of Preparation","Runic Cube","Anchor","Omamori","Singing Bowl"],"card_choices":[{"not_picked":["Berserk","True Grit"],"picked":"Battle Trance"},{"not_picked":["Fiend Fire","Reaper"],"picked":"Offering"},{"not_picked":["Metallicize","Dual Wield"],"picked":"Seeing Red"},{"not_picked":["Rampage","Seeing Red"],"picked":"Clash"}],"player_experience":734943,"potions_floor_usage":[16,22,23,27,29],"damage_taken":[{"damage":8.0,"enemies":"Jaw Worm","floor":1.0,"turns":3.0},{"damage":5.0,"enemies":"Small Slimes","floor":3.0,"turns":3.0},{"damage":1.0,"enemies":"Cultist","floor":5.0,"turns":3.0},{"damage":28.0,"enemies":"Gremlin Nob","floor":6.0,"turns":4.0},{"damage":13.0,"enemies":"Red Slaver","floor":10.0,"turns":3.0},{"damage":9.0,"enemies":"2 Fungi Beasts","floor":14.0,"turns":3.0},{"damage":60,"enemies":"The Guardian","floor":16,"turns":8},{"damage":14,"enemies":"2 Thieves","floor":18,"turns":4},{"damage":4,"enemies":"Chosen","floor":21,"turns":3},{"damage":14,"enemies":"Snecko","floor":22,"turns":3},{"damage":36,"enemies":"Slavers","floor":23,"turns":5},{"damage":20,"enemies":"Centurion and Healer","floor":27,"turns":7},{"damage":67,"enemies":"Chosen and Byrds","floor":29,"turns":7}],"event_choices":[{"event_name":"The Cleric","player_choice":"Card Removal","floor":2.0,"damage_taken":0.0},{"event_name":"Liars Game","player_choice":"agreed","floor":8.0,"damage_taken":0.0},{"event_name":"Beggar","player_choice":"Ignored","floor":19,"damage_taken":0},{"event_name":"Forgotten Altar","player_choice":"Shed Blood","floor":25,"damage_taken":0}],"boss_relics":[{"not_picked":["Snecko Eye","Pandora\u0027s Box"],"picked":"Runic Cube"}],"potions_floor_spawned":[1,3,10,14,21,23],"seed_played":"-6123193795815327297","killed_by":"Chosen and Byrds","ascension_level":0,"is_trial":false}