{"path_per_floor":["M","M","?","?","M","R","$","R","T","R","M","M","M","M","R","B",null,"M","?","M","$","M","R","M","R","T","M","M","R","?","M","R"],"character_chosen":"IRONCLAD","items_purchased":["Anchor","Oddly Smooth Stone","Metallicize","Whirlwind"],"gold_per_floor":[363,382,632,632,646,646,191,191,217,217,231,242,259,279,279,353,353,369,369,349,174,189,189,204,204,204,224,239,239,164,176,176,176],"floor_reached":33,"campfire_rested":2,"playtime":1527,"current_hp_per_floor":[33,33,33,10,13,35,35,35,35,35,41,44,49,55,55,23,62,47,47,53,53,47,47,51,51,51,39,43,43,43,49,71,0],"items_purged":["Regret","Strike_R"],"gold":176,"score":425,"play_id":"235af4a7-2caa-46ce-b290-bdf1a9e13b56","local_time":"20180326161134","is_prod":false,"is_daily":false,"is_ascension_mode":true,"campfire_upgraded":6,"timestamp":1522095094,"path_taken":["M","M","?","?","?","R","$","R","T","R","M","M","M","M","R","BOSS","M","?","M","$","M","R","M","R","T","M","M","R","?","M","R","BOSS"],"build_version":"2018-03-22v2","purchased_purges":2,"victory":false,"master_deck":["Strike_R+1","Strike_R+1","Strike_R+1","Defend_R+1","Defend_R+1","Defend_R+1","Defend_R+1","Bash+1","AscendersBane","Flame Barrier","Shrug It Off+1","Metallicize+1","Body Slam+1","Double Tap","Metallicize+1","Whirlwind+1","Metallicize+1"],"max_hp_per_floor":[75,75,75,75,75,75,75,75,75,75,75,75,75,75,75,75,75,75,75,75,75,75,75,75,75,75,75,75,75,75,75,75,75],"relics":["Burning Blood","Anchor","Oddly Smooth Stone","Art of War","Velvet Choker","Ginger"],"card_choices":[{"not_picked":["Clothesline","Iron Wave"],"picked":"Flame Barrier","floor":1},{"not_picked":["Warcry","Blood for Blood"],"picked":"Shrug It Off","floor":2},{"not_picked":["Pummel","Headbutt"],"picked":"Body Slam","floor":12},{"not_picked":["Exhume","Limit Break"],"picked":"Double Tap","floor":16},{"not_picked":["Havoc","Iron Wave"],"picked":"Metallicize","floor":18},{"not_picked":["Limit Break","Warcry"],"picked":"Metallicize","floor":28}],"player_experience":761798,"potions_floor_usage":[16,16,27,33,33],"damage_taken":[{"damage":7,"enemies":"Small Slimes","floor":1,"turns":4},{"damage":6,"enemies":"Cultist","floor":2,"turns":4},{"damage":3,"enemies":"2 Louse","floor":5,"turns":4},{"damage":0,"enemies":"Looter","floor":11,"turns":4},{"damage":3,"enemies":"Large Slime","floor":12,"turns":8},{"damage":1,"enemies":"Exordium Wildlife","floor":13,"turns":6},{"damage":0,"enemies":"Lots of Slimes","floor":14,"turns":7},{"damage":38,"enemies":"The Guardian","floor":16,"turns":15},{"damage":21,"enemies":"Spheric Guardian","floor":18,"turns":6},{"damage":0,"enemies":"2 Thieves","floor":20,"turns":4},{"damage":12,"enemies":"Snake Plant","floor":22,"turns":4},{"damage":2,"enemies":"Snecko","floor":24,"turns":7},{"damage":18,"enemies":"Cultist and Chosen","floor":27,"turns":7},{"damage":2,"enemies":"Sentry and Sphere","floor":28,"turns":7},{"damage":0,"enemies":"Centurion and Healer","floor":31,"turns":7},{"damage":88,"enemies":"Automaton","floor":33,"turns":12}],"event_choices":[{"event_name":"Golden Shrine","player_choice":"Desecrate","floor":3,"damage_taken":0},{"event_name":"Shining Light","player_choice":"Entered Light","floor":4,"damage_taken":0},{"event_name":"Back to Basics","player_choice":"Simplicity","floor":19,"damage_taken":0},{"event_name":"Beggar","player_choice":"Gave Gold","floor":30,"damage_taken":0}],"boss_relics":[{"not_picked":["Eternal Feather","Ectoplasm"],"picked":"Velvet Choker"}],"potions_floor_spawned":[1,12,13,18,22],"seed_played":"3884118184197337511","killed_by":"Automaton","ascension_level":15,"is_trial":false}