{"path_per_floor":["M","$","M","$","?","R","M","M","T","R","?","M","M","$","R","B",null,"M","?","$","M","M","R","?","R","T","E","?","$","?","$","R","B",null,"M","$","M","M","?","R","M","?","T","R","$","?","R","M","R"],"character_chosen":"IRONCLAD","items_purchased":["Lantern","Flex"],"gold_per_floor":[115,40,53,53,228,228,247,265,265,265,265,276,287,187,187,290,320,309,309,33,48,59,59,59,59,59,91,91,91,91,91,91,194,194,209,59,72,83,132,132,146,146,173,173,123,123,123,139,139,139],"floor_reached":50,"campfire_rested":1,"playtime":1425,"current_hp_per_floor":[77,77,76,76,76,76,67,49,49,49,49,55,59,59,59,8,85,76,76,76,68,62,62,62,62,62,37,37,37,37,37,62,16,85,85,85,87,89,91,91,93,93,93,93,93,93,93,95,95,0],"items_purged":["Strike_R","Doubt","Strike_R","Strike_R"],"gold":139,"score":473,"play_id":"00a2c24e-830d-4aaf-bb52-8d37e7175734","local_time":"20180328231709","is_prod":false,"is_daily":false,"is_ascension_mode":false,"campfire_upgraded":9,"timestamp":1522293429,"path_taken":["M","$","M","?","?","R","?","M","T","R","?","M","M","$","R","BOSS","M","?","$","?","M","R","?","R","T","E","?","?","?","$","R","BOSS","M","$","M","M","?","R","M","?","T","R","$","?","R","?","R","BOSS"],"build_version":"2018-03-22v2","purchased_purges":6,"victory":false,"master_deck":["Strike_R","Strike_R","Defend_R+1","Defend_R+1","Defend_R+1","Defend_R","Bash+1","Impervious+1","Heavy Blade+1","Rampage+1","Offering+1","Whirlwind+1","Ghostly Armor+1","Body Slam+1","Double Tap+1","Flex+1","Flex+1"],"max_hp_per_floor":[80,80,80,80,80,80,80,80,80,80,80,80,80,80,80,80,85,85,85,85,85,85,85,85,85,85,85,85,85,85,85,85,85,85,85,85,87,89,91,91,93,93,93,93,93,93,93,95,95,95],"relics":["Burning Blood","Bag of Marbles","Tiny House","Lantern","Anchor","Singing Bowl","Bag of Preparation","Philosopher\u0027s Stone","Du-Vu Doll","Blood Vial"],"card_choices":[{"not_picked":["Flex","Evolve"],"picked":"Heavy Blade","floor":3.0},{"not_picked":["Heavy Blade","Perfected Strike"],"picked":"Rampage","floor":12.0},{"not_picked":["Brutality","Fiend Fire"],"picked":"Offering","floor":16.0},{"not_picked":["Metallicize","Corruption"],"picked":"Whirlwind","floor":18.0},{"not_picked":["Heavy Blade","Sword Boomerang"],"picked":"Ghostly Armor","floor":21.0},{"not_picked":["Wild Strike","Second Wind"],"picked":"Body Slam","floor":27.0},{"not_picked":["Bludgeon","Reaper"],"picked":"Double Tap","floor":33},{"not_picked":["Body Slam","Headbutt"],"picked":"Flex","floor":35}],"player_experience":767614,"potions_floor_usage":[33,50,50],"damage_taken":[{"damage":9.0,"enemies":"Cultist","floor":1.0,"turns":4.0},{"damage":7.0,"enemies":"2 Louse","floor":3.0,"turns":4.0},{"damage":15.0,"enemies":"Jaw Worm","floor":7.0,"turns":4.0},{"damage":24.0,"enemies":"Gremlin Gang","floor":8.0,"turns":7.0},{"damage":0.0,"enemies":"Exordium Wildlife","floor":12.0,"turns":3.0},{"damage":2.0,"enemies":"Large Slime","floor":13.0,"turns":7.0},{"damage":57.0,"enemies":"Slime Boss","floor":16.0,"turns":11.0},{"damage":15.0,"enemies":"2 Thieves","floor":18.0,"turns":4.0},{"damage":14.0,"enemies":"Shell Parasite","floor":21.0,"turns":4.0},{"damage":12.0,"enemies":"Centurion and Healer","floor":22.0,"turns":2.0},{"damage":31.0,"enemies":"Slavers","floor":27.0,"turns":6.0},{"damage":52,"enemies":"Collector","floor":33,"turns":10},{"damage":1,"enemies":"3 Shapes","floor":35,"turns":1},{"damage":4,"enemies":"Orb Walker","floor":37,"turns":2},{"damage":0,"enemies":"4 Shapes","floor":38,"turns":1},{"damage":4,"enemies":"Mysterious Sphere","floor":39,"turns":1},{"damage":0,"enemies":"Sphere and 2 Shapes","floor":41,"turns":1},{"damage":4,"enemies":"3 Darklings","floor":48,"turns":3},{"damage":111,"enemies":"Awakened One","floor":50,"turns":7}],"event_choices":[{"event_name":"Liars Game","player_choice":"agreed","floor":5.0,"damage_taken":0.0},{"event_name":"The Woman in Blue","player_choice":"Bought 0 Potions","floor":11.0,"damage_taken":0.0},{"event_name":"Upgrade Shrine","player_choice":"Upgraded","floor":19.0,"damage_taken":0.0},{"event_name":"Beggar","player_choice":"Ignored","floor":24.0,"damage_taken":0.0},{"event_name":"The Mausoleum","player_choice":"Yes","floor":28.0,"damage_taken":0.0},{"event_name":"Vampires","player_choice":"Ignored","floor":30,"damage_taken":0},{"event_name":"Mysterious Sphere","player_choice":"Fight","floor":39,"damage_taken":0},{"event_name":"Tomb of Lord Red Mask","player_choice":"Ignored","floor":42,"damage_taken":0},{"event_name":"Upgrade Shrine","player_choice":"Upgraded","floor":46,"damage_taken":0}],"boss_relics":[{"not_picked":["Sozu","White Beast Statue"],"picked":"Philosopher\u0027s Stone"}],"potions_floor_spawned":[1,12,13,21,37,48],"seed_played":"3019119906006905514","killed_by":"Awakened One","ascension_level":0,"is_trial":false}