{"path_per_floor":["M","M","?","M","M","R","?","E","T","?","$","?","R","M","R","B",null,"M","T","$","?","?","R","M","R","T","M","R","M","M","?","R","B",null,"M","T","M","M","?","R","?","R","T","M","R","M","T","M","R"],"character_chosen":"IRONCLAD","items_purchased":["Rampage","Entrench","Shrug It Off"],"gold_per_floor":[116,135,135,153,164,164,164,199,225,225,77,77,77,92,92,220,220,234,303,107,107,32,32,40,40,67,91,91,110,124,124,124,248,248,264,264,288,309,309,309,367,367,367,392,392,411,411,429,429,429],"floor_reached":50,"campfire_rested":4,"playtime":2169,"current_hp_per_floor":[88,88,81,81,76,76,58,55,55,43,43,21,47,48,48,13,88,78,78,78,78,78,78,61,61,61,53,53,29,13,13,39,32,88,53,53,46,48,70,70,27,53,53,56,82,86,86,72,72,0],"items_purged":["Strike_R","Strike_R"],"gold":429,"score":492,"play_id":"77e66c16-9775-4055-ba36-232679df84f0","local_time":"20180329013813","is_prod":false,"is_daily":false,"is_ascension_mode":false,"campfire_upgraded":6,"timestamp":1522301893,"path_taken":["M","M","?","M","?","R","?","E","T","?","$","?","R","M","R","BOSS","M","?","$","?","?","R","M","R","T","M","R","M","?","?","R","BOSS","M","?","M","M","?","R","?","R","T","M","R","?","?","M","R","BOSS"],"build_version":"2018-03-22v2","purchased_purges":2,"victory":false,"master_deck":["Strike_R+1","Strike_R+1","Defend_R","Defend_R","Defend_R","Bash+1","Body Slam+1","Rampage+1","Metallicize+1","Entrench+1","Shrug It Off+1","Double Tap+1","Metallicize","Offering+1","Body Slam+1","Ghostly Armor+1","Writhe"],"max_hp_per_floor":[88,88,88,88,88,88,88,88,88,88,88,88,88,88,88,88,88,88,88,88,88,88,88,88,88,88,88,88,88,88,88,88,88,88,88,88,88,88,88,88,88,88,88,88,88,88,88,88,88,88],"relics":["Burning Blood","Pen Nib","Whetstone","Molten Egg 2","Golden Idol","Question Card","Pantograph","Dream Catcher","Vajra","Velvet Choker","Toxic Egg 2","Bird Faced Urn","Girya","Sundial"],"card_choices":[{"not_picked":["Headbutt","Wild Strike"],"picked":"Body Slam","floor":5},{"not_picked":["Clothesline","Power Through"],"picked":"Metallicize","floor":14},{"not_picked":["Thunderclap","Warcry","Disarm"],"picked":"Double Tap","floor":27},{"not_picked":["Shrug It Off","Wild Strike","Armaments"],"picked":"Metallicize","floor":29},{"not_picked":["Berserk","Reaper","Feed"],"picked":"Offering","floor":33},{"not_picked":["Combust","Seeing Red","Carnage"],"picked":"Body Slam","floor":35},{"not_picked":["Armaments","Seeing Red","Clash"],"picked":"Ghostly Armor","floor":37}],"player_experience":770845,"potions_floor_usage":[8,16,18,27,41,50],"damage_taken":[{"damage":3,"enemies":"2 Louse","floor":1,"turns":3},{"damage":6,"enemies":"Jaw Worm","floor":2,"turns":3},{"damage":6,"enemies":"Cultist","floor":4,"turns":3},{"damage":11,"enemies":"3 Louse","floor":5,"turns":5},{"damage":9,"enemies":"Lagavulin","floor":8,"turns":5},{"damage":5,"enemies":"Looter","floor":14,"turns":3},{"damage":41,"enemies":"Slime Boss","floor":16,"turns":9},{"damage":16,"enemies":"3 Byrds","floor":18,"turns":5},{"damage":23,"enemies":"2 Thieves","floor":24,"turns":4},{"damage":29,"enemies":"Slaver and Parasite","floor":27,"turns":7},{"damage":30,"enemies":"3 Cultists","floor":29,"turns":5},{"damage":22,"enemies":"Chosen and Byrds","floor":30,"turns":10},{"damage":38,"enemies":"Champ","floor":33,"turns":11},{"damage":41,"enemies":"3 Darklings","floor":35,"turns":7},{"damage":13,"enemies":"3 Shapes","floor":37,"turns":5},{"damage":4,"enemies":"3 Darklings","floor":38,"turns":6},{"damage":49,"enemies":"Mysterious Sphere","floor":41,"turns":10},{"damage":7,"enemies":"Maw","floor":44,"turns":7},{"damage":6,"enemies":"4 Shapes","floor":46,"turns":7},{"damage":24,"enemies":"3 Darklings","floor":48,"turns":4},{"damage":95,"enemies":"Time Eater","floor":50,"turns":8}],"event_choices":[{"event_name":"Golden Wing","player_choice":"Card Removal","floor":3,"damage_taken":0},{"event_name":"Shining Light","player_choice":"Entered Light","floor":7,"damage_taken":0},{"event_name":"Scrap Ooze","player_choice":"success","floor":10,"damage_taken":12},{"event_name":"Golden Idol","player_choice":"Take Damage","floor":12,"damage_taken":0},{"event_name":"Upgrade Shrine","player_choice":"Upgraded","floor":21,"damage_taken":0},{"event_name":"Beggar","player_choice":"Gave Gold","floor":22,"damage_taken":0},{"event_name":"The Mausoleum","player_choice":"Yes","floor":31,"damage_taken":0},{"event_name":"Winding Halls","player_choice":"Writhe","floor":39,"damage_taken":0},{"event_name":"Mysterious Sphere","player_choice":"Fight","floor":41,"damage_taken":0}],"boss_relics":[{"not_picked":["Calling Bell","Runic Dome"],"picked":"Question Card"},{"not_picked":["Astrolabe","Lizard Tail"],"picked":"Velvet Choker"}],"potions_floor_spawned":[1,4,5,18,24,33,37],"seed_played":"-5939427280911535853","killed_by":"Time Eater","ascension_level":0,"is_trial":false}