{"path_per_floor":["M","$","?","?","?","R","?","?","T","M","$","E","M","M","R","B",null,"M","?","M","M","?","R","M","R","T","R","?","T","M","M","R"],"character_chosen":"IRONCLAD","items_purchased":["Whirlwind","Heavy Blade","Flex","Seeing Red","Pantograph"],"gold_per_floor":[218,125,375,375,375,375,428,458,485,502,45,79,91,110,110,185,185,205,205,219,238,238,238,248,248,248,248,148,216,236,255,255,255],"floor_reached":33,"campfire_rested":2,"playtime":1088,"current_hp_per_floor":[68,68,68,68,68,68,68,57,57,56,56,52,58,53,53,20,61,56,56,59,49,49,49,28,28,28,50,50,50,23,30,52,0],"items_purged":["Defend_R"],"gold":255,"score":429,"play_id":"0cc703cb-653e-4f3f-bdcb-32ad4a2f5ba6","local_time":"20180327160001","is_prod":false,"is_daily":false,"is_ascension_mode":true,"campfire_upgraded":4,"timestamp":1522180801,"path_taken":["M","$","?","?","?","R","?","?","T","M","?","E","M","M","R","BOSS","M","?","M","M","?","R","?","R","T","R","?","?","M","M","R","BOSS"],"build_version":"2018-03-22v2","purchased_purges":2,"victory":false,"master_deck":["Strike_R","Strike_R","Strike_R","Strike_R","Strike_R","Defend_R","Defend_R","Bash","AscendersBane","Whirlwind+1","Heavy Blade","Flex+1","Flex+1","Seeing Red","Double Tap","Flex+1","J.A.X."],"max_hp_per_floor":[75,75,75,75,75,75,75,75,75,75,75,75,75,75,75,75,75,75,75,75,75,75,75,75,75,75,75,75,75,75,75,75,75],"relics":["Burning Blood","Tiny Chest","Prayer Wheel","Pantograph","Meat on the Bone","Lizard Tail","Girya","Mummified Hand"],"card_choices":[{"not_picked":["Seeing Red","Sword Boomerang"],"picked":"Flex","floor":10.0},{"not_picked":["Impervious","Limit Break"],"picked":"Double Tap","floor":16.0},{"not_picked":["Twin Strike","Pummel"],"picked":"Flex","floor":18.0}],"player_experience":763921,"potions_floor_usage":[31,33,33],"damage_taken":[{"damage":6.0,"enemies":"Cultist","floor":1.0,"turns":4.0},{"damage":7.0,"enemies":"Jaw Worm","floor":10.0,"turns":3.0},{"damage":10.0,"enemies":"Gremlin Nob","floor":12.0,"turns":3.0},{"damage":0.0,"enemies":"Small Slimes","floor":13.0,"turns":1.0},{"damage":23.0,"enemies":"Red Slaver","floor":14.0,"turns":4.0},{"damage":73.0,"enemies":"The Guardian","floor":16.0,"turns":9.0},{"damage":11.0,"enemies":"2 Thieves","floor":18.0,"turns":2.0},{"damage":3.0,"enemies":"3 Byrds","floor":20.0,"turns":3.0},{"damage":28.0,"enemies":"3 Cultists","floor":21.0,"turns":4.0},{"damage":39,"enemies":"Centurion and Healer","floor":24,"turns":6},{"damage":45,"enemies":"Snake Plant","floor":30,"turns":4},{"damage":11,"enemies":"Cultist and Chosen","floor":31,"turns":6},{"damage":164,"enemies":"Automaton","floor":33,"turns":10}],"event_choices":[{"event_name":"Golden Shrine","player_choice":"Desecrate","floor":3.0,"damage_taken":0.0},{"event_name":"The Lab","player_choice":"Got Potions","floor":4.0,"damage_taken":0.0},{"event_name":"Living Wall","player_choice":"Forget","floor":5.0,"damage_taken":0.0},{"event_name":"Golden Wing","player_choice":"Gained Gold","floor":7.0,"damage_taken":0.0},{"event_name":"Scrap Ooze","player_choice":"success","floor":8.0,"damage_taken":11.0},{"event_name":"Back to Basics","player_choice":"Elegance","floor":19.0,"damage_taken":0.0},{"event_name":"Addict","player_choice":"Ignored","floor":22,"damage_taken":0},{"event_name":"Drug Dealer","player_choice":"Got JAXXED","floor":28,"damage_taken":0}],"boss_relics":[],"potions_floor_spawned":[1,13,16,24,31],"seed_played":"4623244424552074991","killed_by":"Automaton","ascension_level":15,"is_trial":false}