{"path_per_floor":["M","?","$","M","M","R","?","R","T","M","M","M","R","M","R","B",null,"M","M","$","?","M","R","E","R","T","R","M","R","?","$","R","B",null,"M","?","M","?","M","R","M","R","T","M","$","?","M","?","R"],"is_cheater":false,"character_chosen":"THE_SILENT","items_purchased":["Flechettes","Panache","Well Laid Plans","Gremlin Horn","Deflect","Regen Potion"],"gold_per_floor":[112,212,3,20,32,32,32,32,32,49,63,80,80,98,98,197,197,217,234,195,195,213,213,238,238,238,238,258,258,258,60,60,162,162,174,0,14,14,26,26,43,43,68,79,19,19,29,29,29],"floor_reached":50,"campfire_rested":8,"playtime":6568,"current_hp_per_floor":[65,65,65,65,65,65,65,65,65,65,65,65,65,64,70,58,70,67,51,51,42,40,62,44,66,66,75,51,73,73,73,73,39,75,73,73,71,71,25,47,22,44,44,29,29,29,28,28,50],"items_purged":[],"gold":29,"play_id":"9474d2f7-04b7-455b-8528-a57cf95bcc1c","is_prod":false,"is_daily":false,"campfire_rituals":0,"campfire_upgraded":4,"potions_floor_combined":[],"is_hardmode":false,"path_taken":["M","?","$","M","M","R","?","R","T","M","M","M","R","M","R","BOSS","M","?","$","?","M","R","E","R","T","R","M","R","?","?","R","BOSS","M","?","?","?","M","R","M","R","T","M","$","?","?","?","R","BOSS"],"build_version":"[EARLY_ACCESS_006] (11-30-2017)","purchased_purges":0,"victory":false,"master_deck":["Defend_G","Defend_G","Defend_G","Defend_G","Defend_G","Strike_G","Strike_G","Strike_G","Strike_G","Strike_G","Survivor","Neutralize","Escape Plan","Flechettes","Panache","Dagger Spray","Dash","After Image","All Out Attack","Infinite Blades","Dagger Throw","Tools of the Trade","Deadly Poison","Bouncing Flask","Well Laid Plans","Dagger Spray","Wraith Form","Unload","PiercingWail","Terror","Quick Slash","Outmaneuver","Finisher","Deflect","All Out Attack","Distraction"],"max_hp_per_floor":[70,70,70,70,70,70,70,70,70,70,70,70,70,70,70,70,70,70,70,70,75,75,75,75,75,75,75,75,75,75,75,75,75,75,75,75,75,75,75,75,75,75,75,75,75,75,75,75,75],"relics":["Ring of the Snake","Bag of Preparation","Torii","White Beast Statue","Discerning Monocle","Dodecahedron","Gremlin Horn","Runic Pyramid","Red Mask","Happy Flower"],"campfire_meditates":0,"card_choices":[{"not_picked":["Slice","Well Laid Plans"],"picked":"Escape Plan"},{"not_picked":["Sucker Punch","Dodge and Roll"],"picked":"Dagger Spray"},{"not_picked":["Blur","Deadly Poison"],"picked":"Dash"},{"not_picked":["Prepared","Crippling Poison"],"picked":"After Image"},{"not_picked":["Blade Dance","Slice"],"picked":"All Out Attack"},{"not_picked":["Backflip","Deadly Poison"],"picked":"Infinite Blades"},{"not_picked":["Slice","Blade Dance"],"picked":"Dagger Throw"},{"not_picked":["Corpse Explosion","Die Die Die"],"picked":"Tools of the Trade"},{"not_picked":["Escape Plan","Acrobatics"],"picked":"Deadly Poison"},{"not_picked":["Blur","Heel Hook"],"picked":"Bouncing Flask"},{"not_picked":["Prepared","Well Laid Plans"],"picked":"Dagger Spray"},{"not_picked":["Flechettes","Backflip"],"picked":"Wraith Form"},{"not_picked":["Dodge and Roll","Prepared"],"picked":"Quick Slash"},{"not_picked":["Bullet Time","Envenom"],"picked":"Unload"},{"not_picked":["Quick Slash","Crippling Poison"],"picked":"PiercingWail"},{"not_picked":["Predator","Sucker Punch"],"picked":"Terror"},{"not_picked":["Riddle With Holes","Acrobatics"],"picked":"Quick Slash"},{"not_picked":["Calculated Gamble","All Out Attack"],"picked":"Outmaneuver"},{"not_picked":["Prepared","Sucker Punch"],"picked":"Finisher"},{"not_picked":["Dagger Spray","Dagger Throw"],"picked":"Distraction"}],"player_experience":32827,"potions_floor_usage":[14,16,22,22,24,28,33,37,39,39,41,44,44,47,47,50],"damage_taken":[{"damage":5.0,"enemies":"JawWorm","floor":1.0,"turns":5.0},{"damage":0.0,"enemies":"Looter","floor":4.0,"turns":2.0},{"damage":0.0,"enemies":"Cultist","floor":5.0,"turns":3.0},{"damage":0.0,"enemies":"Louse","floor":10.0,"turns":3.0},{"damage":0.0,"enemies":"Gremlins","floor":11.0,"turns":1.0},{"damage":0.0,"enemies":"TwoFungiBeasts","floor":12.0,"turns":3.0},{"damage":1.0,"enemies":"Slime","floor":14.0,"turns":4.0},{"damage":12.0,"enemies":"Hexaghost","floor":16.0,"turns":9.0},{"damage":3.0,"enemies":"3_Byrds","floor":18.0,"turns":3.0},{"damage":16.0,"enemies":"Chosen","floor":19.0,"turns":5.0},{"damage":14.0,"enemies":"HealerTank","floor":22.0,"turns":5.0},{"damage":18.0,"enemies":"SlaverBoss","floor":24.0,"turns":4.0},{"damage":33.0,"enemies":"City Thugs","floor":28.0,"turns":7.0},{"damage":34.0,"enemies":"TheCollector","floor":33.0,"turns":9.0},{"damage":2,"enemies":"Orb Walker","floor":35,"turns":3},{"damage":2,"enemies":"Darkling Encounter","floor":37,"turns":4},{"damage":46,"enemies":"Ancient Shapes","floor":39,"turns":5},{"damage":34,"enemies":"sphere and 2 shapes","floor":41,"turns":4},{"damage":24,"enemies":"Darkling Encounter","floor":44,"turns":4},{"damage":16,"enemies":"Maw","floor":47,"turns":8},{"damage":28,"enemies":"AwakenedOne","floor":50,"turns":6}],"event_choices":[{"event_name":"Golden Shrine","player_choice":"Pray","floor":2.0,"damage_taken":0.0},{"event_name":"Purifier","player_choice":"Skipped","floor":7.0,"damage_taken":0.0},{"event_name":"Forgotten Altar","player_choice":"Shed Blood","floor":21.0,"damage_taken":0.0},{"event_name":"Beggar","player_choice":"Ignored","floor":30.0,"damage_taken":0.0},{"event_name":"Tomb of Lord Red Mask","player_choice":"Paid","floor":36,"damage_taken":0},{"event_name":"Upgrade Shrine","player_choice":"Upgraded","floor":38,"damage_taken":0},{"event_name":"Duplicator","player_choice":"One dupe","floor":46,"damage_taken":0}],"boss_relics":[{"not_picked":["Philosopher\u0027s Stone","Runic Dome"],"picked":"Runic Pyramid"}],"potions_floor_spawned":[1,4,5,12,18,19,22,24,28,33,35,37,39,41,44,47],"seed_played":"-366699468896759340","killed_by":"AwakenedOne","is_trial":false}