{"path_per_floor":["M","M","M","$","?","E","R","?","T","?","M","M","R","M","R","B",null,"M","?","?","M","$","R","M","M","T","R","$","M","M","?","R","B",null,"M","?","?","M","$","R","M","R","T","M","?","M","M"],"character_chosen":"THE_SILENT","items_purchased":["Bag of Marbles","Backflip"],"gold_per_floor":[117,131,143,68,68,103,103,131,155,155,171,185,185,195,195,298,298,315,315,315,332,182,182,198,210,210,210,60,70,88,88,88,192,192,210,0,0,12,12,12,27,27,27,42,42,58,76],"floor_reached":48,"campfire_rested":6,"playtime":5875,"current_hp_per_floor":[70,68,68,68,68,61,61,48,48,48,46,42,63,61,70,52,70,64,64,64,56,56,70,70,68,68,68,68,68,42,42,63,34,70,66,66,70,47,47,68,35,56,70,63,63,63,30],"items_purged":["Defend_G","Strike_G"],"gold":76,"play_id":"21526dee-e8f4-49e1-89b1-ef937c2eeb3f","is_prod":false,"is_daily":false,"campfire_rituals":0,"campfire_upgraded":2,"is_hardmode":false,"path_taken":["M","M","M","$","?","E","R","?","T","?","M","M","R","M","R","BOSS","M","?","?","M","$","R","M","M","T","R","?","M","?","?","R","BOSS","M","?","?","M","$","R","M","R","T","M","?","M","?","M"],"build_version":"2017-12-21-PROD1","purchased_purges":4,"victory":false,"master_deck":["Defend_G","Defend_G","Defend_G","Defend_G","Strike_G","Strike_G","Strike_G","Survivor","Neutralize","Predator","PiercingWail","Noxious Fumes","Sucker Punch","All Out Attack","Cloak And Dagger","Predator","Envenom","Backstab","Dodge and Roll","Flying Knee","Caltrops","Backflip","Choke","Well Laid Plans","After Image","Adrenaline","Dagger Spray","Leg Sweep","Bane","Calculated Gamble","Cloak And Dagger","Outmaneuver","Blur"],"max_hp_per_floor":[70,70,70,70,70,70,70,70,70,70,70,70,70,70,70,70,70,70,70,70,70,70,70,70,70,70,70,70,70,70,70,70,70,70,70,70,70,70,70,70,70,70,84,84,84,84,84],"relics":["Ring of the Snake","Paper Crane","Odd Mushroom","Pen Nib","Question Card","Bag of Marbles","Omamori","Tingsha","Orrery","Red Mask","Mango"],"campfire_meditates":0,"card_choices":[{"not_picked":["Riddle With Holes","Endless Agony"],"picked":"Predator"},{"not_picked":["Underhanded Strike","Dodge and Roll"],"picked":"PiercingWail"},{"not_picked":["Sucker Punch","Acrobatics"],"picked":"Noxious Fumes"},{"not_picked":["Deflect","Backstab"],"picked":"Sucker Punch"},{"not_picked":["Prepared","Flying Knee"],"picked":"All Out Attack"},{"not_picked":["Underhanded Strike","Well Laid Plans"],"picked":"Cloak And Dagger"},{"not_picked":["Riddle With Holes","Bouncing Flask"],"picked":"Predator"},{"not_picked":["Corpse Explosion","Glass Knife"],"picked":"Envenom"},{"not_picked":["Underhanded Strike","PiercingWail","Outmaneuver"],"picked":"Backstab"},{"not_picked":["Sucker Punch","Concentrate","Slice"],"picked":"Dodge and Roll"},{"not_picked":["Deflect","Poisoned Stab","Grand Finale"],"picked":"Flying Knee"},{"not_picked":["Backstab","Cloak And Dagger","Slice"],"picked":"Caltrops"},{"not_picked":["Accuracy","Outmaneuver","Concentrate"],"picked":"Choke"},{"not_picked":["Dodge and Roll","Malaise","Endless Agony"],"picked":"Well Laid Plans"},{"not_picked":["Tools of the Trade","Envenom","Tactician"],"picked":"After Image"},{"not_picked":["Riddle With Holes","Deadly Poison","Bouncing Flask"],"picked":"Adrenaline"},{"not_picked":["Infinite Blades","Flechettes","Slice"],"picked":"Dagger Spray"},{"not_picked":["Crippling Poison","Well Laid Plans","Acrobatics"],"picked":"Leg Sweep"},{"not_picked":["Backstab","Underhanded Strike","Masterful Stab"],"picked":"Bane"},{"not_picked":["Sucker Punch","Dagger Throw","Slice"],"picked":"Calculated Gamble"},{"not_picked":["Bouncing Flask","Quick Slash","Acrobatics"],"picked":"Cloak And Dagger"},{"not_picked":["Bane","Deflect","Infinite Blades"],"picked":"Outmaneuver"},{"not_picked":["Acrobatics","Prepared","Quick Slash"],"picked":"Blur"}],"player_experience":183987,"potions_floor_usage":[1,6,6,16,29,29,33,38],"damage_taken":[{"damage":0,"enemies":"Jaw Worm","floor":1,"turns":3},{"damage":2,"enemies":"Looter","floor":2,"turns":3},{"damage":0,"enemies":"Blue Slaver","floor":3,"turns":4},{"damage":7,"enemies":"3 Sentries","floor":6,"turns":5},{"damage":13,"enemies":"The Mushroom Lair","floor":8,"turns":4},{"damage":2,"enemies":"3 Louse","floor":11,"turns":2},{"damage":4,"enemies":"Red Slaver","floor":12,"turns":4},{"damage":2,"enemies":"Exordium Thugs","floor":14,"turns":5},{"damage":18,"enemies":"The Guardian","floor":16,"turns":11},{"damage":6,"enemies":"Shell Parasite","floor":18,"turns":8},{"damage":8,"enemies":"3 Byrds","floor":21,"turns":6},{"damage":0,"enemies":"Centurion and Healer","floor":24,"turns":6},{"damage":2,"enemies":"Snecko","floor":25,"turns":4},{"damage":0,"enemies":"3 Cultists","floor":29,"turns":5},{"damage":26,"enemies":"Centurion and Healer","floor":30,"turns":6},{"damage":29,"enemies":"Automaton","floor":33,"turns":12},{"damage":4,"enemies":"Orb Walker","floor":35,"turns":4},{"damage":23,"enemies":"3 Darklings","floor":38,"turns":4},{"damage":33,"enemies":"Sphere and 2 Shapes","floor":41,"turns":9},{"damage":7,"enemies":"4 Shapes","floor":44,"turns":4},{"damage":0,"enemies":"Maw","floor":46,"turns":8},{"damage":33,"enemies":"Sphere and 2 Shapes","floor":47,"turns":10},{"damage":33,"enemies":"4 Shapes","floor":48,"turns":6}],"event_choices":[{"event_name":"Shining Light","player_choice":"Ignored","floor":5,"damage_taken":0},{"event_name":"Mushrooms","player_choice":"Fought Mushrooms","floor":8,"damage_taken":0},{"event_name":"Bonfire Elementals","player_choice":"ATTACK","floor":10,"damage_taken":0},{"event_name":"Cursed Tome","player_choice":"Ignored","floor":19,"damage_taken":0},{"event_name":"Back to Basics","player_choice":"Simplicity","floor":20,"damage_taken":0},{"event_name":"The Mausoleum","player_choice":"Yes","floor":31,"damage_taken":0},{"event_name":"Tomb of Lord Red Mask","player_choice":"Paid","floor":36,"damage_taken":0},{"event_name":"Winding Halls","player_choice":"Writhe","floor":37,"damage_taken":0},{"event_name":"Mysterious Sphere","player_choice":"Ignore","floor":45,"damage_taken":0}],"boss_relics":[{"not_picked":["Calling Bell","Philosopher\u0027s Stone"],"picked":"Question Card"},{"not_picked":["Snecko Eye","Runic Dome"],"picked":"Orrery"}],"potions_floor_spawned":[1,2,3,18,21,25,33,44],"seed_played":"5262597809314544475","killed_by":"4 Shapes","is_trial":false}