{"path_per_floor":["M","?","?","M","M","R","?","E","T","M","R","M","R","M","R","B",null,"M","M","M","M"],"is_cheater":false,"character_chosen":"THE_SILENT","items_purchased":[],"gold_per_floor":[115,115,115,131,142,142,92,123,148,164,164,177,177,196,196,300,300,310,320,337,353],"floor_reached":22,"campfire_rested":2,"playtime":2062,"current_hp_per_floor":[69,69,69,67,65,65,65,40,40,32,53,51,70,70,70,20,70,52,52,36,15],"items_purged":[],"gold":353,"play_id":"e6d124f6-cefd-451c-9d65-48f7eb57ccaf","is_prod":false,"is_daily":false,"campfire_rituals":0,"campfire_upgraded":2,"potions_floor_combined":[],"is_hardmode":false,"path_taken":["M","?","?","?","M","R","?","E","T","M","R","M","R","M","R","BOSS","M","M","M","M","M"],"build_version":"[EARLY_ACCESS_006] (11-30-2017)","purchased_purges":0,"victory":false,"master_deck":["Defend_G","Defend_G","Defend_G","Defend_G","Strike_G","Strike_G","Strike_G","Strike_G","Strike_G","Survivor","Neutralize","Cloak And Dagger","Dodge and Roll","Adrenaline","Quick Slash","Prepared","Dagger Spray","Burst","Flying Knee","Leg Sweep","Backstab"],"max_hp_per_floor":[70,70,70,70,70,70,70,70,70,70,70,70,70,70,70,70,70,70,70,70,70],"relics":["Ring of the Snake","Omamori","Juzu Bracelet","Sozu"],"campfire_meditates":0,"card_choices":[{"not_picked":["Predator","Poisoned Stab"],"picked":"Cloak And Dagger"},{"not_picked":["PiercingWail","Concentrate"],"picked":"Dodge and Roll"},{"not_picked":["Deflect","Crippling Poison"],"picked":"Adrenaline"},{"not_picked":["Leg Sweep","Outmaneuver"],"picked":"Quick Slash"},{"not_picked":["Eviscerate","Concentrate"],"picked":"Prepared"},{"not_picked":["Catalyst","Calculated Gamble"],"picked":"Dagger Spray"},{"not_picked":["Venomology","Glass Knife"],"picked":"Burst"},{"not_picked":["Acrobatics","Crippling Poison"],"picked":"Flying Knee"},{"not_picked":["Endless Agony","Reflex"],"picked":"Leg Sweep"},{"not_picked":["Deadly Poison","Flying Knee"],"picked":"Backstab"}],"player_experience":155018,"potions_floor_usage":[8,8,8,16,16],"damage_taken":[{"damage":1,"enemies":"Cultist","floor":1,"turns":4},{"damage":2,"enemies":"Looter","floor":4,"turns":4},{"damage":2,"enemies":"Blue Slaver","floor":5,"turns":5},{"damage":25,"enemies":"Lagavulin","floor":8,"turns":12},{"damage":8,"enemies":"Louse","floor":10,"turns":2},{"damage":2,"enemies":"lots of slimes","floor":12,"turns":5},{"damage":0,"enemies":"Red Slaver","floor":14,"turns":5},{"damage":50,"enemies":"TheGuardian","floor":16,"turns":17},{"damage":18,"enemies":"SphericGuardian","floor":18,"turns":6},{"damage":0,"enemies":"3_Byrds","floor":19,"turns":5},{"damage":16,"enemies":"City Ancients","floor":20,"turns":9},{"damage":21,"enemies":"Snecko","floor":21,"turns":7},{"damage":0,"enemies":"HealerTank","floor":22,"turns":1}],"event_choices":[{"event_name":"Golden Wing","player_choice":"Ignored","floor":2,"damage_taken":0},{"event_name":"Liars Game","player_choice":"disagreed","floor":3,"damage_taken":0},{"event_name":"The Cleric","player_choice":"Card Removal","floor":7,"damage_taken":0}],"boss_relics":[{"not_picked":["Lizard Tail","Velvet Choker"],"picked":"Sozu"}],"potions_floor_spawned":[5,8,12,16,19,20],"seed_played":"-6878614581806393415","killed_by":"HealerTank","is_trial":false}