{"path_per_floor":["M","?","?","?","$","R","M","R","T","M","M","M","R","M","R","B",null,"M","$","?","M","?","R","M","M","T","$","M","R","M","M","R","B",null,"M","?","M","?","M","R","M","M","T","R","M","R","?","?","R","B"],"character_chosen":"THE_SILENT","items_purchased":["Footwork","Dash","Bronze Scales"],"gold_per_floor":[110,185,185,256,66,66,86,86,86,105,115,126,126,144,144,245,275,287,39,39,53,53,53,72,90,139,14,29,29,46,56,56,157,157,174,174,184,184,196,196,206,223,248,248,258,258,0,0,0,0],"floor_reached":51,"campfire_rested":7,"playtime":5360,"current_hp_per_floor":[31,20,20,20,20,41,41,62,62,62,62,62,62,62,70,56,75,59,59,59,58,49,73,72,68,68,68,66,66,62,61,80,63,80,77,77,69,69,67,67,55,50,50,74,67,80,80,80,80,27],"items_purged":["Defend_G","Strike_G","Strike_G"],"gold":0,"play_id":"bbb1d18e-4991-4784-a192-09c8af42d82d","is_prod":false,"is_daily":false,"campfire_rituals":0,"campfire_upgraded":4,"is_hardmode":false,"path_taken":["M","?","?","?","?","R","M","R","T","M","M","?","R","M","R","BOSS","M","$","?","?","?","R","M","M","T","$","M","R","M","M","R","BOSS","M","?","M","?","M","R","M","M","T","R","M","R","?","?","R","BOSS"],"build_version":"2017-12-21-PROD1","purchased_purges":4,"victory":true,"master_deck":["Defend_G","Defend_G","Strike_G","Strike_G","Survivor","Neutralize","All Out Attack","Footwork","Dash","Cloak And Dagger","Quick Slash","Cloak And Dagger","Backflip","Predator","Dagger Spray","PiercingWail","Well Laid Plans","Footwork","Escape Plan","Prepared","Envenom","All Out Attack","Dodge and Roll","A Thousand Cuts","Dramatic Entrance","Prepared","Dash"],"max_hp_per_floor":[70,70,70,70,70,70,70,70,70,70,70,70,70,70,70,70,75,75,75,75,75,80,80,80,80,80,80,80,80,80,80,80,80,80,80,80,80,80,80,80,80,80,80,80,80,80,80,80,80,80],"relics":["Ring of the Snake","Centennial Puzzle","Tiny House","Bronze Scales","Orichalcum","Sozu","Bag of Preparation","Red Mask"],"campfire_meditates":0,"card_choices":[{"not_picked":["Bane","Cloak And Dagger"],"picked":"All Out Attack"},{"not_picked":["Backflip","Flying Knee"],"picked":"Cloak And Dagger"},{"not_picked":["Outmaneuver","Dagger Throw"],"picked":"Quick Slash"},{"not_picked":["Backflip","Deflect"],"picked":"Cloak And Dagger"},{"not_picked":["Deflect","Malaise"],"picked":"Backflip"},{"not_picked":["Noxious Fumes","Dagger Throw"],"picked":"Predator"},{"not_picked":["Quick Slash","Eviscerate"],"picked":"Dagger Spray"},{"not_picked":["Underhanded Strike","Blade Dance"],"picked":"PiercingWail"},{"not_picked":["Heel Hook","Terror"],"picked":"Well Laid Plans"},{"not_picked":["Deflect","Blade Dance"],"picked":"Footwork"},{"not_picked":["Tools of the Trade","Heel Hook"],"picked":"Escape Plan"},{"not_picked":["Malaise","Eviscerate"],"picked":"Prepared"},{"not_picked":["Grand Finale","Tools of the Trade"],"picked":"Envenom"},{"not_picked":["Deadly Poison","Catalyst"],"picked":"Dodge and Roll"},{"not_picked":["Underhanded Strike","Calculated Gamble"],"picked":"Prepared"},{"not_picked":["Dagger Throw","Deflect"],"picked":"Dash"}],"player_experience":279731,"potions_floor_usage":[16,16,24,33,33],"damage_taken":[{"damage":4,"enemies":"Jaw Worm","floor":1,"turns":7},{"damage":0,"enemies":"Cultist","floor":7,"turns":3},{"damage":0,"enemies":"Looter","floor":10,"turns":2},{"damage":0,"enemies":"2 Fungi Beasts","floor":11,"turns":2},{"damage":0,"enemies":"Large Slime","floor":12,"turns":5},{"damage":0,"enemies":"Exordium Thugs","floor":14,"turns":5},{"damage":14,"enemies":"Slime Boss","floor":16,"turns":9},{"damage":16,"enemies":"Spheric Guardian","floor":18,"turns":7},{"damage":1,"enemies":"Shell Parasite","floor":21,"turns":7},{"damage":1,"enemies":"Snecko","floor":24,"turns":6},{"damage":4,"enemies":"3 Cultists","floor":25,"turns":4},{"damage":2,"enemies":"Centurion and Healer","floor":28,"turns":5},{"damage":4,"enemies":"Snake Plant","floor":30,"turns":5},{"damage":1,"enemies":"3 Cultists","floor":31,"turns":4},{"damage":32,"enemies":"Automaton","floor":33,"turns":16},{"damage":3,"enemies":"Orb Walker","floor":35,"turns":5},{"damage":8,"enemies":"3 Darklings","floor":37,"turns":4},{"damage":2,"enemies":"Sphere and 2 Shapes","floor":39,"turns":5},{"damage":12,"enemies":"Maw","floor":41,"turns":10},{"damage":5,"enemies":"3 Darklings","floor":42,"turns":3},{"damage":7,"enemies":"Sphere and 2 Shapes","floor":45,"turns":6},{"damage":53,"enemies":"Donu and Deca","floor":50,"turns":11}],"event_choices":[{"event_name":"World of Goop","player_choice":"Gather Gold","floor":2,"damage_taken":0},{"event_name":"Living Wall","player_choice":"Grow","floor":3,"damage_taken":0},{"event_name":"Golden Wing","player_choice":"Gained Gold","floor":4,"damage_taken":0},{"event_name":"Back to Basics","player_choice":"Elegance","floor":20,"damage_taken":0},{"event_name":"Forgotten Altar","player_choice":"Shed Blood","floor":22,"damage_taken":0},{"event_name":"Duplicator","player_choice":"One dupe","floor":36,"damage_taken":0},{"event_name":"Match and Keep!","player_choice":"2 cards matched","floor":38,"damage_taken":0},{"event_name":"Tomb of Lord Red Mask","player_choice":"Paid","floor":47,"damage_taken":0},{"event_name":"Transmorgrifier","player_choice":"Skipped","floor":48,"damage_taken":0}],"boss_relics":[{"not_picked":["Black Star","Calling Bell"],"picked":"Tiny House"},{"not_picked":["Runic Dome","Astrolabe"],"picked":"Sozu"}],"potions_floor_spawned":[7,11,12,25,31,33,41,42,45],"seed_played":"-813708634866656289","is_trial":false}