{"path_per_floor":["M","?","M","$","M","R","M","R","T","M","?","R","M","M","R","B",null,"M","?","?","M","?","R","M","M","T","$","$","M","M","M","R"],"character_chosen":"THE_SILENT","items_purchased":["Happy Flower","Prepared"],"gold_per_floor":[217,217,235,4,14,14,31,31,31,44,44,44,55,73,73,173,173,190,190,190,203,118,118,134,153,153,53,5,21,32,52,52],"floor_reached":33,"campfire_rested":3,"playtime":3680,"current_hp_per_floor":[70,70,65,65,64,64,60,60,60,52,34,55,54,54,70,54,70,70,70,70,64,64,64,53,43,43,43,43,39,19,17,53],"items_purged":["Defend_G","Strike_G"],"gold":52,"play_id":"c476da98-782b-47eb-bf36-50623d7e3f51","is_prod":false,"is_daily":false,"campfire_rituals":0,"campfire_upgraded":3,"is_hardmode":false,"path_taken":["M","?","M","$","M","R","M","R","T","M","?","R","M","M","R","BOSS","M","?","?","M","?","R","M","M","T","?","$","M","?","M","R","BOSS"],"build_version":"2017-12-21-PROD1","purchased_purges":2,"victory":false,"master_deck":["Defend_G","Defend_G","Defend_G","Defend_G","Strike_G","Strike_G","Strike_G","Strike_G","Survivor","Neutralize","Infinite Blades","Cloak And Dagger","Sucker Punch","Backflip","Cloak And Dagger","Escape Plan","Distraction","Noxious Fumes","A Thousand Cuts","Dash","Dagger Throw","Dagger Spray","Sucker Punch","Prepared","Outmaneuver","Backflip","Caltrops"],"max_hp_per_floor":[70,70,70,70,70,70,70,70,70,70,70,70,70,70,70,70,70,70,70,70,70,70,70,70,70,70,70,70,70,70,70,70],"relics":["Ring of the Snake","Happy Flower","Dream Catcher","Paper Crane","Sozu","Regal Pillow","Bottled Flame"],"campfire_meditates":0,"card_choices":[{"not_picked":["Poisoned Stab","Underhanded Strike"],"picked":"Infinite Blades"},{"not_picked":["Deadly Poison","Catalyst"],"picked":"Cloak And Dagger"},{"not_picked":["Deadly Poison","Deflect"],"picked":"Sucker Punch"},{"not_picked":["Caltrops","Bane"],"picked":"Backflip"},{"not_picked":["Underhanded Strike","Riddle With Holes"],"picked":"Cloak And Dagger"},{"not_picked":["Cloak And Dagger","Choke"],"picked":"Escape Plan"},{"not_picked":["Deflect","Outmaneuver"],"picked":"Distraction"},{"not_picked":["Adrenaline","Riddle With Holes"],"picked":"Noxious Fumes"},{"not_picked":["Die Die Die","Corpse Explosion"],"picked":"A Thousand Cuts"},{"not_picked":["Deadly Poison","Quick Slash"],"picked":"Dash"},{"not_picked":["Setup","Backstab"],"picked":"Dagger Throw"},{"not_picked":["Underhanded Strike","Predator"],"picked":"Dagger Spray"},{"not_picked":["Flying Knee","Bouncing Flask"],"picked":"Sucker Punch"},{"not_picked":["Catalyst","Dodge and Roll"],"picked":"Outmaneuver"},{"not_picked":["Deadly Poison","Prepared"],"picked":"Backflip"},{"not_picked":["Quick Slash","Poisoned Stab"],"picked":"Caltrops"}],"player_experience":192748,"potions_floor_usage":[14,16,16,16],"damage_taken":[{"damage":0,"enemies":"Cultist","floor":1,"turns":5},{"damage":5,"enemies":"Looter","floor":3,"turns":4},{"damage":1,"enemies":"Jaw Worm","floor":5,"turns":4},{"damage":4,"enemies":"3 Louse","floor":7,"turns":4},{"damage":8,"enemies":"Lots of Slimes","floor":10,"turns":4},{"damage":1,"enemies":"Large Slime","floor":13,"turns":6},{"damage":0,"enemies":"Gremlin Gang","floor":14,"turns":4},{"damage":16,"enemies":"Slime Boss","floor":16,"turns":10},{"damage":0,"enemies":"3 Byrds","floor":18,"turns":3},{"damage":6,"enemies":"Chosen","floor":21,"turns":4},{"damage":11,"enemies":"Snecko","floor":24,"turns":5},{"damage":10,"enemies":"Centurion and Healer","floor":25,"turns":6},{"damage":4,"enemies":"Chosen and Byrds","floor":29,"turns":6},{"damage":20,"enemies":"3 Cultists","floor":30,"turns":5},{"damage":2,"enemies":"Snecko","floor":31,"turns":5},{"damage":68,"enemies":"Champ","floor":33,"turns":12}],"event_choices":[{"event_name":"Liars Game","player_choice":"disagreed","floor":2,"damage_taken":0},{"event_name":"Scrap Ooze","player_choice":"success","floor":11,"damage_taken":18},{"event_name":"The Lab","player_choice":"Got Potions","floor":19,"damage_taken":0},{"event_name":"Accursed Blacksmith","player_choice":"Forge","floor":20,"damage_taken":0},{"event_name":"Addict","player_choice":"Obtained Relic","floor":22,"damage_taken":0}],"boss_relics":[{"not_picked":["Astrolabe","The Specimen"],"picked":"Sozu"}],"potions_floor_spawned":[5,10,13,14,16,18,31],"seed_played":"-5259756954159896188","killed_by":"Champ","is_trial":false}