{"path_per_floor":["M","M","?","M","$","E","R","M","T","?","E","R","M","M","R","B",null,"M","$","?","M","?","R","T","M","T","R","E","R","$","?","R","B",null,"M","$","?","M","?","R","M","M","T","R","T","?","M","M","R"],"character_chosen":"THE_SILENT","items_purchased":["Happy Flower","Footwork","Infinite Blades"],"gold_per_floor":[111,124,124,143,0,30,30,40,40,40,72,72,87,99,99,198,198,210,62,62,82,82,82,128,145,145,145,174,174,36,36,36,141,141,152,27,0,13,13,13,24,43,43,43,70,70,86,105,105],"floor_reached":50,"campfire_rested":5,"playtime":4650,"current_hp_per_floor":[70,70,70,70,70,49,70,70,70,63,63,63,58,58,58,50,70,51,51,51,48,39,61,61,49,49,71,64,64,64,64,64,48,75,69,69,69,69,59,59,51,33,33,55,55,55,16,18,41],"items_purged":["Defend_G","Tools of the Trade","Venomology"],"gold":105,"play_id":"a7fdb226-853c-49c4-a2ff-7a52aff6e031","is_prod":false,"is_daily":false,"campfire_rituals":0,"campfire_upgraded":5,"is_hardmode":false,"path_taken":["M","M","?","M","$","E","R","M","T","?","E","R","M","?","R","BOSS","M","$","?","M","?","R","?","M","T","R","E","R","$","?","R","BOSS","M","$","?","M","?","R","M","M","T","R","?","?","M","M","R","BOSS"],"build_version":"2018-01-04-PROD1","purchased_purges":4,"victory":false,"master_deck":["Defend_G","Defend_G","Defend_G","Strike_G","Strike_G","Strike_G","Survivor","Neutralize","Predator","Flying Knee","Adrenaline","Backflip","Calculated Gamble","Dash","Leg Sweep","Prepared","Well Laid Plans","Flying Knee","PiercingWail","Caltrops","Footwork","Blade Dance","Caltrops","Terror","Infinite Blades","Wraith Form","Madness","Madness","Envenom","Malaise","Calculated Gamble"],"max_hp_per_floor":[70,70,70,70,70,70,70,70,70,70,70,70,70,70,70,70,70,70,70,70,70,75,75,75,75,75,75,75,75,75,75,75,75,75,75,75,75,75,75,75,75,75,75,75,75,75,75,77,77],"relics":["Ring of the Snake","Prayer Wheel","Happy Flower","Shuriken","Whetstone","Pantograph","Orrery","Frozen Egg","Juzu Bracelet","Ornamental Fan","Sozu","Red Mask","Calipers","Singing Bowl"],"campfire_meditates":0,"card_choices":[{"not_picked":["Heel Hook","Quick Slash"],"picked":"Predator"},{"not_picked":["Masterful Stab","Poisoned Stab"],"picked":"Flying Knee"},{"not_picked":["Heel Hook","Quick Slash"],"picked":"Adrenaline"},{"not_picked":["Infinite Blades","Endless Agony"],"picked":"Backflip"},{"not_picked":["Finisher","Setup"],"picked":"Calculated Gamble"},{"not_picked":["Heel Hook","Quick Slash"],"picked":"Dash"},{"not_picked":["All Out Attack","Slice"],"picked":"Leg Sweep"},{"not_picked":["Quick Slash","Sucker Punch"],"picked":"Prepared"},{"not_picked":["Storm of Steel","Tactician"],"picked":"Venomology"},{"not_picked":["Underhanded Strike","Terror"],"picked":"Well Laid Plans"},{"not_picked":["Heel Hook","Cloak And Dagger"],"picked":"Flying Knee"},{"not_picked":["Poisoned Stab","Deadly Poison"],"picked":"PiercingWail"},{"not_picked":["Quick Slash","Finisher"],"picked":"Tools of the Trade"},{"not_picked":["Endless Agony","Heel Hook"],"picked":"Caltrops"},{"not_picked":["Flying Knee","Distraction"],"picked":"Blade Dance"},{"not_picked":["Reflex","Slice"],"picked":"Caltrops"},{"not_picked":["Wraith Form","Concentrate"],"picked":"Terror"},{"not_picked":["Adrenaline","Unload"],"picked":"Wraith Form"},{"not_picked":["Accuracy","Prepared"],"picked":"Envenom"},{"not_picked":["Concentrate","Acrobatics"],"picked":"Malaise"},{"not_picked":["Deadly Poison","Sucker Punch"],"picked":"Calculated Gamble"}],"player_experience":393370,"potions_floor_usage":[],"damage_taken":[{"damage":0.0,"enemies":"Jaw Worm","floor":1.0,"turns":4.0},{"damage":0.0,"enemies":"Small Slimes","floor":2.0,"turns":3.0},{"damage":0.0,"enemies":"2 Louse","floor":4.0,"turns":2.0},{"damage":21.0,"enemies":"Lagavulin","floor":6.0,"turns":5.0},{"damage":0.0,"enemies":"Large Slime","floor":8.0,"turns":4.0},{"damage":0.0,"enemies":"3 Sentries","floor":11.0,"turns":4.0},{"damage":5.0,"enemies":"Exordium Wildlife","floor":13.0,"turns":3.0},{"damage":0.0,"enemies":"2 Fungi Beasts","floor":14.0,"turns":2.0},{"damage":20.0,"enemies":"The Guardian","floor":16.0,"turns":10.0},{"damage":22.0,"enemies":"2 Thieves","floor":18.0,"turns":4.0},{"damage":3.0,"enemies":"Spheric Guardian","floor":21.0,"turns":3.0},{"damage":12.0,"enemies":"Snecko","floor":25.0,"turns":5.0},{"damage":7.0,"enemies":"Book of Stabbing","floor":28.0,"turns":5.0},{"damage":27.0,"enemies":"Automaton","floor":33.0,"turns":9.0},{"damage":6.0,"enemies":"3 Shapes","floor":35.0,"turns":5.0},{"damage":0.0,"enemies":"Orb Walker","floor":38.0,"turns":4.0},{"damage":8.0,"enemies":"4 Shapes","floor":41.0,"turns":6.0},{"damage":18.0,"enemies":"3 Darklings","floor":42.0,"turns":6.0},{"damage":39.0,"enemies":"Sphere and 2 Shapes","floor":47.0,"turns":5.0},{"damage":0.0,"enemies":"Maw","floor":48.0,"turns":6.0},{"damage":60,"enemies":"Donu and Deca","floor":50,"turns":5}],"event_choices":[{"event_name":"Living Wall","player_choice":"Forget","floor":3.0,"damage_taken":0.0},{"event_name":"Golden Wing","player_choice":"Card Removal","floor":10.0,"damage_taken":0.0},{"event_name":"Back to Basics","player_choice":"Elegance","floor":20.0,"damage_taken":0.0},{"event_name":"Forgotten Altar","player_choice":"Shed Blood","floor":22.0,"damage_taken":0.0},{"event_name":"Cursed Tome","player_choice":"Ignored","floor":31.0,"damage_taken":0.0},{"event_name":"Tomb of Lord Red Mask","player_choice":"Paid","floor":37.0,"damage_taken":0.0},{"event_name":"Winding Halls","player_choice":"Embrace Madness","floor":39.0,"damage_taken":0.0},{"event_name":"Mysterious Sphere","player_choice":"Ignore","floor":46.0,"damage_taken":0.0}],"boss_relics":[],"potions_floor_spawned":[1,4,6,16,21,33,38,42,47],"seed_played":"-257915750894318139","killed_by":"Donu and Deca","is_trial":false}