{"path_per_floor":["M","?","?","M","?","E","M","R","T","M","M","R","$","?","R","B",null,"M","M","$","?","M","R","?","R","T","$","?","M","$","M","R","B",null,"M","M","M","$","M","R","M","R","T","M","M","R","M","M","R","B"],"character_chosen":"THE_SILENT","items_purchased":["Choke","Bandage Up"],"gold_per_floor":[117,117,117,131,81,115,134,134,180,194,212,212,64,84,84,188,188,207,222,28,28,42,42,42,42,42,42,42,60,60,71,71,170,170,188,198,212,87,98,98,117,117,417,429,445,445,463,476,476,476],"floor_reached":51,"campfire_rested":4,"playtime":4812,"current_hp_per_floor":[70,70,56,56,56,61,61,61,61,54,53,53,53,53,76,66,77,77,74,74,58,62,62,62,62,62,62,62,66,66,77,77,24,77,77,52,56,56,27,50,48,71,71,66,70,70,64,50,73,47],"items_purged":["Strike_G","Strike_G","Defend_G"],"gold":476,"play_id":"0c067c7e-6a4e-4ca1-b6ba-af7bcc5ad977","is_prod":false,"is_daily":false,"campfire_rituals":0,"campfire_upgraded":6,"is_hardmode":false,"path_taken":["M","?","?","?","?","E","M","R","T","M","M","R","$","?","R","BOSS","M","M","$","?","M","R","?","R","T","$","?","?","$","M","R","BOSS","M","M","M","$","M","R","M","R","T","?","M","R","M","M","R","BOSS"],"build_version":"2018-01-04-PROD1","purchased_purges":3,"victory":true,"master_deck":["Defend_G","Defend_G","Defend_G","Strike_G","Strike_G","Strike_G","Survivor","Neutralize","Dagger Throw","Bullet Time","Footwork","PiercingWail","Blur","Dagger Spray","Choke","Dash","Envenom","Blur","Bandage Up","Eviscerate","Night Terror","Escape Plan","Bouncing Flask","Eviscerate","Well Laid Plans","A Thousand Cuts","Leg Sweep"],"max_hp_per_floor":[70,70,70,70,70,77,77,77,77,77,77,77,77,77,77,77,77,77,77,77,77,77,77,77,77,77,77,77,77,77,77,77,77,77,77,77,77,77,77,77,77,77,77,77,77,77,77,77,77,77],"relics":["Snecko Eye","Strawberry","Oddly Smooth Stone","Odd Mushroom","Enchiridion","Mercury Hourglass","Orrery","Old Coin"],"campfire_meditates":0,"card_choices":[{"not_picked":["Sucker Punch","Deadly Poison"],"picked":"Dagger Throw"},{"not_picked":["Dagger Spray","Footwork"],"picked":"Bullet Time"},{"not_picked":["Flechettes","Slice"],"picked":"Footwork"},{"not_picked":["Backflip","Footwork"],"picked":"PiercingWail"},{"not_picked":["Acrobatics","PiercingWail"],"picked":"Blur"},{"not_picked":["Infinite Blades","Prepared"],"picked":"Dagger Spray"},{"not_picked":["Calculated Gamble","Deflect"],"picked":"Dash"},{"not_picked":["Die Die Die","Corpse Explosion"],"picked":"Envenom"},{"not_picked":["Underhanded Strike","Flechettes"],"picked":"Blur"},{"not_picked":["A Thousand Cuts","Tools of the Trade"],"picked":"Night Terror"},{"not_picked":["Deflect","Dagger Throw"],"picked":"Escape Plan"},{"not_picked":["Malaise","Terror"],"picked":"Bouncing Flask"},{"not_picked":["Dash","Masterful Stab"],"picked":"Eviscerate"},{"not_picked":["Dagger Throw","Dodge and Roll"],"picked":"Well Laid Plans"},{"not_picked":["Bane","Endless Agony"],"picked":"A Thousand Cuts"},{"not_picked":["Dodge and Roll","Flying Knee"],"picked":"Leg Sweep"}],"player_experience":25893,"potions_floor_usage":[6,16,19,31,39,47,50],"damage_taken":[{"damage":0,"enemies":"Jaw Worm","floor":1,"turns":3},{"damage":0,"enemies":"Small Slimes","floor":4,"turns":4},{"damage":2,"enemies":"Gremlin Nob","floor":6,"turns":4},{"damage":0,"enemies":"Cultist","floor":7,"turns":3},{"damage":7,"enemies":"Large Slime","floor":10,"turns":8},{"damage":1,"enemies":"Red Slaver","floor":11,"turns":4},{"damage":0,"enemies":"The Mushroom Lair","floor":14,"turns":3},{"damage":10,"enemies":"Hexaghost","floor":16,"turns":8},{"damage":0,"enemies":"Chosen","floor":18,"turns":4},{"damage":3,"enemies":"2 Thieves","floor":19,"turns":3},{"damage":0,"enemies":"Snecko","floor":22,"turns":4},{"damage":0,"enemies":"Chosen and Byrds","floor":29,"turns":5},{"damage":0,"enemies":"3 Cultists","floor":31,"turns":4},{"damage":53,"enemies":"Champ","floor":33,"turns":10},{"damage":0,"enemies":"Orb Walker","floor":35,"turns":3},{"damage":25,"enemies":"3 Shapes","floor":36,"turns":4},{"damage":0,"enemies":"Maw","floor":37,"turns":5},{"damage":33,"enemies":"Sphere and 2 Shapes","floor":39,"turns":6},{"damage":6,"enemies":"4 Shapes","floor":41,"turns":5},{"damage":9,"enemies":"Maw","floor":44,"turns":8},{"damage":0,"enemies":"3 Darklings","floor":45,"turns":4},{"damage":10,"enemies":"4 Shapes","floor":47,"turns":6},{"damage":18,"enemies":"Maw","floor":48,"turns":6},{"damage":45,"enemies":"Time Eater","floor":50,"turns":12}],"event_choices":[{"event_name":"Living Wall","player_choice":"Grow","floor":2,"damage_taken":0},{"event_name":"Shining Light","player_choice":"Entered Light","floor":3,"damage_taken":0},{"event_name":"The Cleric","player_choice":"Card Removal","floor":5,"damage_taken":0},{"event_name":"Mushrooms","player_choice":"Fought Mushrooms","floor":14,"damage_taken":0},{"event_name":"Cursed Tome","player_choice":"Obtained Book","floor":21,"damage_taken":0},{"event_name":"The Mausoleum","player_choice":"No","floor":24,"damage_taken":0},{"event_name":"The Library","player_choice":"Read","floor":28,"damage_taken":0}],"boss_relics":[{"not_picked":["Philosopher\u0027s Stone","Runic Dome","Velvet Choker"]},{"not_picked":["Question Card","Calling Bell"],"picked":"Orrery"}],"potions_floor_spawned":[4,14,18,22,33,39,41,47],"seed_played":"-8444690970110409793","is_trial":false}