{"path_per_floor":["M","M","?","M","?","R","$","M","T","R","M","M","E","M","R","B",null,"M","M","?","$","M","E","?","M","T","R","M","M","R","M","R","B",null,"M","M","?","?","$","R","M","M","T","R","M","$","M","?","R","B"],"character_chosen":"THE_SILENT","items_purchased":["Deflect","Adrenaline","Apotheosis","Envenom"],"gold_per_floor":[111,125,125,139,139,139,11,30,99,99,109,122,155,174,174,276,276,293,311,311,67,79,105,105,115,115,115,130,140,140,150,150,250,250,269,282,282,282,3,3,17,32,107,107,126,1,17,17,17,17],"floor_reached":51,"campfire_rested":2,"playtime":4422,"current_hp_per_floor":[70,70,45,45,45,66,66,66,66,66,66,66,58,58,58,53,70,50,50,50,50,31,31,31,39,39,60,68,70,70,70,70,67,70,70,70,70,70,70,70,62,70,70,70,70,70,70,70,70,70],"items_purged":["Normality","Strike_G","Defend_G"],"gold":17,"play_id":"04823cbe-a21f-4e87-9805-b977e5943a56","is_prod":false,"is_daily":false,"campfire_rituals":0,"campfire_upgraded":7,"is_hardmode":false,"path_taken":["M","M","?","?","?","R","$","M","T","R","M","?","E","M","R","BOSS","M","M","?","$","M","E","?","M","T","R","M","M","R","M","R","BOSS","M","M","?","?","$","R","M","?","T","R","M","?","M","?","R","BOSS"],"build_version":"2018-01-11-PROD2","purchased_purges":3,"victory":true,"master_deck":["Defend_G","Defend_G","Defend_G","Strike_G","Strike_G","Strike_G","Survivor","Neutralize","Dagger Throw","Backstab","Deflect","Cloak And Dagger","Well Laid Plans","Cloak And Dagger","After Image","Leg Sweep","A Thousand Cuts","Flying Knee","PiercingWail","Adrenaline","Noxious Fumes","Terror","Prepared","After Image","Bane","Apotheosis","Envenom","Infinite Blades"],"max_hp_per_floor":[70,70,70,70,70,70,70,70,70,70,70,70,70,70,70,70,70,70,70,70,70,70,70,70,70,70,70,70,70,70,70,70,70,70,70,70,70,70,70,70,70,70,70,70,70,70,70,70,70,70],"relics":["Ring of the Snake","NeowsBlessing","Letter Opener","Ninja Scroll","Mercury Hourglass","Mummified Hand","Black Star","Thread and Needle","Bird Faced Urn","Calipers","Sozu","Kunai"],"campfire_meditates":0,"card_choices":[{"not_picked":["Quick Slash","Backflip"],"picked":"Dagger Throw"},{"not_picked":["Underhanded Strike","Dagger Throw"],"picked":"Backstab"},{"not_picked":["Backstab","Quick Slash"],"picked":"Cloak And Dagger"},{"not_picked":["Eviscerate","Flying Knee"],"picked":"Well Laid Plans"},{"not_picked":["PiercingWail","Dodge and Roll"],"picked":"Cloak And Dagger"},{"not_picked":["Escape Plan","Finisher"],"picked":"After Image"},{"not_picked":["Deflect","Quick Slash"],"picked":"Leg Sweep"},{"not_picked":["Burst","Storm of Steel"],"picked":"A Thousand Cuts"},{"not_picked":["Bouncing Flask","Bane"],"picked":"Flying Knee"},{"not_picked":["Flechettes","Catalyst"],"picked":"PiercingWail"},{"not_picked":["Backflip","Leg Sweep"],"picked":"Noxious Fumes"},{"not_picked":["Poisoned Stab","Eviscerate"],"picked":"Terror"},{"not_picked":["Poisoned Stab","Deadly Poison"],"picked":"Prepared"},{"not_picked":["Tools of the Trade","Grand Finale"],"picked":"After Image"},{"not_picked":["Dagger Spray","Underhanded Strike"],"picked":"Bane"},{"not_picked":["Flying Knee","PiercingWail"],"picked":"Infinite Blades"}],"player_experience":428981,"potions_floor_usage":[],"damage_taken":[{"damage":0.0,"enemies":"Cultist","floor":1.0,"turns":1.0},{"damage":0.0,"enemies":"Small Slimes","floor":2.0,"turns":1.0},{"damage":0.0,"enemies":"Blue Slaver","floor":4.0,"turns":1.0},{"damage":0.0,"enemies":"Looter","floor":8.0,"turns":2.0},{"damage":0.0,"enemies":"Gremlin Gang","floor":11.0,"turns":3.0},{"damage":0.0,"enemies":"Large Slime","floor":12.0,"turns":4.0},{"damage":8.0,"enemies":"Gremlin Nob","floor":13.0,"turns":3.0},{"damage":0.0,"enemies":"Lots of Slimes","floor":14.0,"turns":2.0},{"damage":5.0,"enemies":"Hexaghost","floor":16.0,"turns":9.0},{"damage":20.0,"enemies":"Chosen","floor":18.0,"turns":6.0},{"damage":0.0,"enemies":"3 Byrds","floor":19.0,"turns":3.0},{"damage":19.0,"enemies":"Sentry and Sphere","floor":22.0,"turns":6.0},{"damage":0.0,"enemies":"Slavers","floor":23.0,"turns":5.0},{"damage":0.0,"enemies":"Centurion and Healer","floor":25.0,"turns":5.0},{"damage":0.0,"enemies":"Snake Plant","floor":28.0,"turns":4.0},{"damage":0.0,"enemies":"3 Cultists","floor":29.0,"turns":4.0},{"damage":0.0,"enemies":"Centurion and Healer","floor":31.0,"turns":5.0},{"damage":3.0,"enemies":"Collector","floor":33.0,"turns":8.0},{"damage":0,"enemies":"3 Darklings","floor":35,"turns":4},{"damage":0,"enemies":"3 Shapes","floor":36,"turns":4},{"damage":8,"enemies":"Sphere and 2 Shapes","floor":41,"turns":5},{"damage":0,"enemies":"Maw","floor":42,"turns":6},{"damage":0,"enemies":"4 Shapes","floor":45,"turns":3},{"damage":0,"enemies":"Sphere and 2 Shapes","floor":47,"turns":4},{"damage":0,"enemies":"Donu and Deca","floor":50,"turns":10}],"event_choices":[{"event_name":"Scrap Ooze","player_choice":"success","floor":3.0,"damage_taken":25.0},{"event_name":"Accursed Blacksmith","player_choice":"Rummage","floor":5.0,"damage_taken":0.0},{"event_name":"Back to Basics","player_choice":"Elegance","floor":20.0,"damage_taken":0.0},{"event_name":"Vampires","player_choice":"Ignored","floor":24.0,"damage_taken":0.0},{"event_name":"The Woman in Blue","player_choice":"Bought 0 Potions","floor":37,"damage_taken":0},{"event_name":"The Lab","player_choice":"Got Potions","floor":38,"damage_taken":0}],"boss_relics":[{"not_picked":["Eternal Feather","Tiny House"],"picked":"Sozu"}],"potions_floor_spawned":[2,11,13,14,19,23,25,28,36,41,47],"seed_played":"-4986434315296121131","is_trial":false}