{"path_per_floor":["M","?","M","$","M","E","M","E","T","?","R","M","R","M","R","B",null,"M","M","M","$","M","R","M","M","T","?","M","M","?","?","R","B",null,"M","M","?","M","$"],"character_chosen":"THE_SILENT","items_purchased":["Noxious Fumes","Apotheosis"],"gold_per_floor":[109,109,121,13,30,60,80,106,152,152,152,166,166,178,178,275,275,295,312,331,23,39,39,55,70,70,70,85,105,30,130,130,235,235,251,261,261,279,154],"floor_reached":40,"campfire_rested":4,"playtime":3314,"current_hp_per_floor":[70,70,68,68,68,57,56,28,28,28,49,41,62,62,62,30,70,70,62,57,57,56,70,60,57,57,57,57,49,49,49,70,56,70,45,41,31,31,31],"items_purged":["Strike_G","Defend_G","Strike_G"],"gold":154,"play_id":"a27b1ce2-3f94-4bf4-91a4-cf9ec600adc7","is_prod":false,"is_daily":false,"campfire_rituals":0,"campfire_upgraded":1,"is_hardmode":false,"path_taken":["M","?","M","$","M","E","M","E","T","?","R","M","R","M","R","BOSS","M","M","M","$","?","R","M","M","T","?","M","?","?","?","R","BOSS","M","M","?","M","$","M"],"build_version":"2018-01-11-PROD2","purchased_purges":3,"victory":false,"master_deck":["Defend_G","Defend_G","Defend_G","Strike_G","Strike_G","Strike_G","Survivor","Neutralize","Poisoned Stab","Poisoned Stab","Blur","Noxious Fumes","Catalyst","PiercingWail","Blur","Prepared","Bouncing Flask","Burst","Noxious Fumes","Apotheosis","Well Laid Plans","Footwork","Calculated Gamble","Corpse Explosion","Backflip","Madness","Madness","Bane"],"max_hp_per_floor":[70,70,70,70,70,70,70,70,70,70,70,70,70,70,70,70,70,70,70,70,70,70,70,70,70,70,70,70,70,70,70,70,70,70,70,70,70,70,70],"relics":["Ring of the Snake","Anchor","War Paint","Molten Egg","Sozu","Bronze Scales"],"campfire_meditates":0,"card_choices":[{"not_picked":["Footwork","Sucker Punch"],"picked":"Poisoned Stab"},{"not_picked":["Dodge and Roll","Choke"],"picked":"Poisoned Stab"},{"not_picked":["Acrobatics","PiercingWail"],"picked":"Blur"},{"not_picked":["All Out Attack","Deflect"],"picked":"Catalyst"},{"not_picked":["Choke","Backstab"],"picked":"PiercingWail"},{"not_picked":["Poisoned Stab","Slice"],"picked":"Blur"},{"not_picked":["Skewer","Deadly Poison"],"picked":"Prepared"},{"not_picked":["Sucker Punch","Infinite Blades"],"picked":"Bouncing Flask"},{"not_picked":["Bullet Time","Tactician"],"picked":"Burst"},{"not_picked":["Accuracy","Backstab"],"picked":"Noxious Fumes"},{"not_picked":["Distraction","Choke"],"picked":"Well Laid Plans"},{"not_picked":["Cloak And Dagger","Distraction"],"picked":"Footwork"},{"not_picked":["Poisoned Stab","PiercingWail"],"picked":"Calculated Gamble"},{"not_picked":["After Image","Doppelganger"],"picked":"Corpse Explosion"},{"not_picked":["Eviscerate","Terror"],"picked":"Backflip"},{"not_picked":["Infinite Blades","All Out Attack"],"picked":"Bane"}],"player_experience":464926,"potions_floor_usage":[],"damage_taken":[{"damage":0.0,"enemies":"Cultist","floor":1.0,"turns":3.0},{"damage":2.0,"enemies":"2 Louse","floor":3.0,"turns":2.0},{"damage":0.0,"enemies":"Jaw Worm","floor":5.0,"turns":3.0},{"damage":11.0,"enemies":"Lagavulin","floor":6.0,"turns":5.0},{"damage":1.0,"enemies":"Large Slime","floor":7.0,"turns":5.0},{"damage":28.0,"enemies":"3 Sentries","floor":8.0,"turns":8.0},{"damage":8.0,"enemies":"Gremlin Gang","floor":12.0,"turns":5.0},{"damage":0.0,"enemies":"Looter","floor":14.0,"turns":3.0},{"damage":32.0,"enemies":"Hexaghost","floor":16.0,"turns":6.0},{"damage":0.0,"enemies":"Spheric Guardian","floor":18.0,"turns":3.0},{"damage":8.0,"enemies":"3 Byrds","floor":19.0,"turns":5.0},{"damage":5.0,"enemies":"Snecko","floor":20.0,"turns":4.0},{"damage":1.0,"enemies":"Centurion and Healer","floor":22.0,"turns":5.0},{"damage":10.0,"enemies":"3 Cultists","floor":24.0,"turns":6.0},{"damage":3.0,"enemies":"Snake Plant","floor":25.0,"turns":3.0},{"damage":0.0,"enemies":"Chosen and Byrds","floor":28.0,"turns":4.0},{"damage":8.0,"enemies":"Centurion and Healer","floor":29.0,"turns":6.0},{"damage":14.0,"enemies":"Collector","floor":33.0,"turns":7.0},{"damage":25,"enemies":"3 Shapes","floor":35,"turns":5},{"damage":4,"enemies":"3 Darklings","floor":36,"turns":5},{"damage":0,"enemies":"Maw","floor":38,"turns":6},{"damage":10,"enemies":"Sphere and 2 Shapes","floor":40,"turns":5}],"event_choices":[{"event_name":"Liars Game","player_choice":"disagreed","floor":2.0,"damage_taken":0.0},{"event_name":"Transmorgrifier","player_choice":"Skipped","floor":10.0,"damage_taken":0.0},{"event_name":"The Mausoleum","player_choice":"No","floor":27.0,"damage_taken":0.0},{"event_name":"Beggar","player_choice":"Gave Gold","floor":30.0,"damage_taken":0.0},{"event_name":"Golden Shrine","player_choice":"Pray","floor":31.0,"damage_taken":0.0},{"event_name":"Winding Halls","player_choice":"Embrace Madness","floor":37,"damage_taken":0}],"boss_relics":[{"not_picked":["Pandora\u0027s Box","Velvet Choker","Astrolabe"]}],"potions_floor_spawned":[3,8,12,20,22,25,38],"seed_played":"896893428401283694","killed_by":"Sphere and 2 Shapes","is_trial":false}