{"path_per_floor":["M","?","$","M","M","R","E","?","T","R","M","R","M","$","R","B",null,"M","M","M","$","?","R","M","M","T","?"],"character_chosen":"THE_SILENT","items_purchased":["Tough Bandages","Footwork","Underhanded Strike"],"gold_per_floor":[116,216,141,152,166,166,194,269,269,269,283,283,299,37,37,138,168,187,197,212,23,23,23,40,52,52,52],"floor_reached":28,"campfire_rested":4,"playtime":2536,"current_hp_per_floor":[65,65,65,56,56,56,26,15,15,36,31,52,49,49,70,38,75,63,60,18,18,18,40,24,12,12,12],"items_purged":["Defend_G","Strike_G"],"gold":52,"play_id":"32224437-a396-42d9-af7e-c40b7260ab07","is_prod":false,"is_daily":false,"campfire_rituals":0,"campfire_upgraded":1,"is_hardmode":false,"path_taken":["M","?","$","M","M","R","E","?","T","R","M","R","M","$","R","BOSS","M","?","M","$","?","R","M","M","T","?","M"],"build_version":"2018-01-11-PROD2","purchased_purges":2,"victory":false,"master_deck":["Defend_G","Defend_G","Defend_G","Defend_G","Strike_G","Strike_G","Strike_G","Strike_G","Survivor","Neutralize","Slice","Prepared","Infinite Blades","Dagger Throw","Cloak And Dagger","Finisher","Unload","Cloak And Dagger","Dagger Throw","Glass Knife","Footwork","Underhanded Strike","Dash"],"max_hp_per_floor":[70,70,70,70,70,70,70,70,70,70,70,70,70,70,70,70,75,75,75,75,75,75,75,75,75,75,75],"relics":["Runic Pyramid","Toxic Egg","Gremlin Horn","Tough Bandages","Tiny House","Dead Branch"],"campfire_meditates":0,"card_choices":[{"not_picked":["Backflip","Accuracy"],"picked":"Slice"},{"not_picked":["Choke","Underhanded Strike"],"picked":"Prepared"},{"not_picked":["Escape Plan","Finisher"],"picked":"Infinite Blades"},{"not_picked":["Endless Agony","Deflect"],"picked":"Dagger Throw"},{"not_picked":["PiercingWail","Concentrate"],"picked":"Cloak And Dagger"},{"not_picked":["Deadly Poison","Prepared"],"picked":"Finisher"},{"not_picked":["Burst","After Image"],"picked":"Unload"},{"not_picked":["Outmaneuver","Dodge and Roll"],"picked":"Cloak And Dagger"},{"not_picked":["Deflect","Setup"],"picked":"Dagger Throw"},{"not_picked":["Distraction","Prepared"],"picked":"Glass Knife"},{"not_picked":["Malaise","Slice"],"picked":"Dash"}],"player_experience":462390,"potions_floor_usage":[7,18,19,24,28],"damage_taken":[{"damage":5,"enemies":"Small Slimes","floor":1,"turns":5},{"damage":9,"enemies":"Blue Slaver","floor":4,"turns":5},{"damage":0,"enemies":"Jaw Worm","floor":5,"turns":5},{"damage":30,"enemies":"Gremlin Nob","floor":7,"turns":5},{"damage":5,"enemies":"Looter","floor":11,"turns":3},{"damage":3,"enemies":"3 Louse","floor":13,"turns":3},{"damage":32,"enemies":"Slime Boss","floor":16,"turns":14},{"damage":12,"enemies":"Chosen","floor":18,"turns":7},{"damage":3,"enemies":"3 Byrds","floor":19,"turns":5},{"damage":42,"enemies":"Sentry and Sphere","floor":20,"turns":8},{"damage":16,"enemies":"Centurion and Healer","floor":24,"turns":5},{"damage":12,"enemies":"3 Cultists","floor":25,"turns":6},{"damage":8,"enemies":"Snake Plant","floor":28,"turns":3}],"event_choices":[{"event_name":"Golden Shrine","player_choice":"Pray","floor":2,"damage_taken":0},{"event_name":"World of Goop","player_choice":"Gather Gold","floor":8,"damage_taken":0},{"event_name":"The Mausoleum","player_choice":"No","floor":22,"damage_taken":0},{"event_name":"Drug Dealer","player_choice":"Ignored","floor":27,"damage_taken":0}],"boss_relics":[{"not_picked":["Velvet Choker","Black Star"],"picked":"Tiny House"}],"potions_floor_spawned":[4,16,20,25],"seed_played":"-6636039576424564692","killed_by":"Snake Plant","is_trial":false}