{"path_per_floor":["M","M","?","M","M","E","R","M","T","R","M","M","$","?","R","B",null,"M","$","M","?","?","R","M","M","T","$","R","M","M","?","R"],"character_chosen":"THE_SILENT","items_purchased":["Letter Opener","Cloak And Dagger"],"gold_per_floor":[117,137,137,153,172,198,198,211,265,265,278,298,2,32,32,132,132,152,77,93,93,93,93,113,124,124,24,24,41,60,60,60],"floor_reached":33,"campfire_rested":4,"playtime":2243,"current_hp_per_floor":[70,70,70,70,63,58,58,58,58,58,57,57,57,54,70,36,70,37,37,35,26,26,48,35,31,31,31,53,27,35,35,57],"items_purged":["Strike_G","Defend_G"],"gold":60,"play_id":"1e916cef-8082-4c1f-8a90-e3496a4deee9","is_prod":false,"is_daily":false,"is_ascension_mode":false,"campfire_upgraded":2,"path_taken":["M","M","?","?","M","E","R","M","T","R","?","M","$","?","R","BOSS","M","$","M","?","?","R","M","M","T","$","R","M","M","?","R","BOSS"],"build_version":"2018-01-25-PROD3","purchased_purges":2,"victory":false,"master_deck":["Defend_G","Defend_G","Defend_G","Defend_G","Strike_G","Strike_G","Strike_G","Strike_G","Survivor","Neutralize","Bullet Time+1","Backflip","Flying Knee","Bullet Time","Blur","Dash","Bouncing Flask","Terror","Noxious Fumes+1","Bane","Dagger Throw","Cloak And Dagger","After Image","Cloak And Dagger+1","Dagger Spray","Quick Slash","Prepared+1","Acrobatics","Writhe"],"max_hp_per_floor":[70,70,70,70,70,70,70,70,70,70,70,70,70,70,70,70,70,70,70,70,75,75,75,75,75,75,75,75,75,75,75,75],"relics":["Ring of the Snake","Bottled Flame","Prayer Wheel","Letter Opener","Tiny Chest","The Specimen","Mummified Hand","Toolbox"],"card_choices":[{"not_picked":["Quick Slash","Leg Sweep"],"picked":"Backflip"},{"not_picked":["Sucker Punch","PiercingWail"],"picked":"Flying Knee"},{"not_picked":["Reflex","Deflect"],"picked":"Dash"},{"not_picked":["Cloak And Dagger","Deflect"],"picked":"Bouncing Flask"},{"not_picked":["Outmaneuver","Blur"],"picked":"Terror"},{"not_picked":["Acrobatics","Choke"],"picked":"Noxious Fumes"},{"not_picked":["Concentrate","Prepared"],"picked":"Bane"},{"not_picked":["Quick Slash","Poisoned Stab"],"picked":"Dagger Throw"},{"not_picked":["Venomology","Storm of Steel"],"picked":"After Image"},{"not_picked":["Sucker Punch","Finisher"],"picked":"Cloak And Dagger"},{"not_picked":["Eviscerate","PiercingWail"],"picked":"Dagger Spray"},{"not_picked":["Riddle With Holes","Dodge and Roll"],"picked":"Quick Slash"},{"not_picked":["Sucker Punch","Backflip"],"picked":"Prepared"},{"not_picked":["Accuracy","Setup"],"picked":"Acrobatics"}],"player_experience":642346,"potions_floor_usage":[6,12,16,16,24,30,33],"damage_taken":[{"damage":0,"enemies":"2 Louse","floor":1,"turns":2},{"damage":0,"enemies":"Blue Slaver","floor":2,"turns":5},{"damage":0,"enemies":"Cultist","floor":4,"turns":4},{"damage":7,"enemies":"2 Fungi Beasts","floor":5,"turns":4},{"damage":5,"enemies":"Gremlin Nob","floor":6,"turns":4},{"damage":0,"enemies":"3 Louse","floor":8,"turns":2},{"damage":1,"enemies":"Exordium Wildlife","floor":11,"turns":5},{"damage":0,"enemies":"Looter","floor":12,"turns":2},{"damage":34,"enemies":"The Guardian","floor":16,"turns":7},{"damage":33,"enemies":"Spheric Guardian","floor":18,"turns":8},{"damage":2,"enemies":"Chosen","floor":20,"turns":5},{"damage":13,"enemies":"Centurion and Healer","floor":24,"turns":7},{"damage":4,"enemies":"3 Cultists","floor":25,"turns":7},{"damage":26,"enemies":"Snecko","floor":29,"turns":5},{"damage":1,"enemies":"Snake Plant","floor":30,"turns":3},{"damage":59,"enemies":"Champ","floor":33,"turns":14}],"event_choices":[{"event_name":"Match and Keep!","player_choice":"2 cards matched","floor":3,"damage_taken":0},{"event_name":"Match and Keep!","player_choice":"2 cards matched","floor":3,"damage_taken":0},{"event_name":"Scrap Ooze","player_choice":"success","floor":14,"damage_taken":3},{"event_name":"Forgotten Altar","player_choice":"Shed Blood","floor":21,"damage_taken":0},{"event_name":"Drug Dealer","player_choice":"Ignored","floor":22,"damage_taken":0},{"event_name":"The Mausoleum","player_choice":"Yes","floor":31,"damage_taken":0}],"boss_relics":[{"not_picked":["Philosopher\u0027s Stone","Tiny House"],"picked":"The Specimen"}],"potions_floor_spawned":[2,5,6,12,20,24,29,30],"seed_played":"6307199155441577812","killed_by":"Champ","ascension_level":0,"is_trial":false}