{"path_per_floor":["M","?","M","?","$","R","M","R","T","?","M","R","E","M","R","B",null,"M","M","M","M","M","R","?","M","T","R","$","?","R","?","R","B",null,"M","M","?","$","?","R","?","?","T","M","R","M","M","M","R"],"character_chosen":"THE_SILENT","items_purchased":["Panache","Apotheosis","Footwork"],"gold_per_floor":[111,286,298,298,11,11,24,24,96,46,59,59,86,101,101,201,201,214,231,244,258,271,271,321,331,331,331,23,123,123,123,123,220,220,238,249,249,43,43,43,43,43,118,134,134,152,171,186,186],"floor_reached":50,"campfire_rested":3,"playtime":4506,"current_hp_per_floor":[64,64,64,64,64,64,64,64,64,64,64,64,54,54,54,35,70,66,48,27,35,31,52,52,39,39,60,60,60,60,60,60,36,72,59,61,74,74,74,74,74,74,84,86,86,73,69,63,90],"items_purged":["Doubt","Strike_G","Writhe"],"gold":186,"play_id":"4ecd7478-b9e2-4570-8d52-16f265c63313","is_prod":false,"is_daily":false,"is_ascension_mode":false,"campfire_upgraded":8,"path_taken":["M","?","?","?","$","R","M","R","T","?","M","R","E","M","R","BOSS","M","M","M","?","M","R","?","?","T","R","$","?","R","?","R","BOSS","M","M","?","?","?","R","?","?","T","M","R","M","M","M","R","BOSS"],"build_version":"2018-01-25-PROD3","purchased_purges":3,"victory":false,"master_deck":["Defend_G","Defend_G","Defend_G","Strike_G","Survivor","Neutralize+1","Dagger Throw","Outmaneuver+1","Panache+1","Deflect","Endless Agony","Burst+1","Caltrops","Storm of Steel","Night Terror+1","Heel Hook+1","Deflect+1","PiercingWail","Acrobatics+1","Quick Slash","Cloak And Dagger+1","Flying Knee","Calculated Gamble+1","Apotheosis+1","Blade Dance+1","Footwork+1","Dash+1"],"max_hp_per_floor":[70,70,70,70,70,70,70,70,70,70,70,70,70,70,70,70,70,70,70,70,70,70,70,70,70,70,70,70,70,70,70,70,72,72,72,74,74,74,74,74,74,74,84,86,86,88,88,90,90],"relics":["Ring of the Snake","Bronze Scales","Letter Opener","Singing Bowl","Astrolabe","Juzu Bracelet","Lizard Tail","Pear"],"card_choices":[{"not_picked":["Backflip","Choke"],"picked":"Dagger Throw"},{"not_picked":["Acrobatics","Flechettes"],"picked":"Outmaneuver"},{"not_picked":["Setup","Dagger Throw"],"picked":"Deflect"},{"not_picked":["Bane","Accuracy"],"picked":"Endless Agony"},{"not_picked":["Outmaneuver","Night Terror"],"picked":"Burst"},{"not_picked":["Malaise","Calculated Gamble"],"picked":"Caltrops"},{"not_picked":["Corpse Explosion","Die Die Die"],"picked":"Storm of Steel"},{"not_picked":["Malaise","Poisoned Stab"],"picked":"PiercingWail"},{"not_picked":["Backstab","Poisoned Stab"],"picked":"Acrobatics"},{"not_picked":["Outmaneuver","Slice"],"picked":"Quick Slash"},{"not_picked":["Setup","Outmaneuver"],"picked":"Cloak And Dagger"},{"not_picked":["Sucker Punch","Wraith Form"],"picked":"Flying Knee"},{"not_picked":["Reflex","Flying Knee"],"picked":"Calculated Gamble"},{"not_picked":["Dagger Spray","Flying Knee"],"picked":"Blade Dance"},{"not_picked":["Deflect","Skewer"],"picked":"Dash"}],"player_experience":597403,"potions_floor_usage":[13,18,20,21,21,25,33,50,50],"damage_taken":[{"damage":6,"enemies":"Blue Slaver","floor":1,"turns":7},{"damage":0,"enemies":"2 Louse","floor":3,"turns":2},{"damage":0,"enemies":"Small Slimes","floor":7,"turns":3},{"damage":0,"enemies":"3 Louse","floor":11,"turns":3},{"damage":10,"enemies":"3 Sentries","floor":13,"turns":5},{"damage":0,"enemies":"2 Fungi Beasts","floor":14,"turns":3},{"damage":19,"enemies":"Hexaghost","floor":16,"turns":9},{"damage":4,"enemies":"Shell Parasite","floor":18,"turns":4},{"damage":18,"enemies":"Chosen","floor":19,"turns":7},{"damage":21,"enemies":"Snecko","floor":20,"turns":7},{"damage":4,"enemies":"Sentry and Sphere","floor":21,"turns":5},{"damage":4,"enemies":"Centurion and Healer","floor":22,"turns":6},{"damage":28,"enemies":"Snecko","floor":25,"turns":7},{"damage":26,"enemies":"Automaton","floor":33,"turns":8},{"damage":13,"enemies":"Orb Walker","floor":35,"turns":3},{"damage":0,"enemies":"3 Shapes","floor":36,"turns":2},{"damage":0,"enemies":"3 Darklings","floor":44,"turns":2},{"damage":15,"enemies":"4 Shapes","floor":46,"turns":3},{"damage":4,"enemies":"Maw","floor":47,"turns":8},{"damage":8,"enemies":"Sphere and 2 Shapes","floor":48,"turns":3},{"damage":86,"enemies":"Time Eater","floor":50,"turns":15}],"event_choices":[{"event_name":"Liars Game","player_choice":"agreed","floor":2,"damage_taken":0},{"event_name":"Wheel of Change","player_choice":"Relic","floor":4,"damage_taken":0},{"event_name":"The Cleric","player_choice":"Card Removal","floor":10,"damage_taken":0},{"event_name":"The Joust","player_choice":"Bet on Murderer","floor":24,"damage_taken":0},{"event_name":"Golden Shrine","player_choice":"Pray","floor":29,"damage_taken":0},{"event_name":"The Mausoleum","player_choice":"No","floor":31,"damage_taken":0},{"event_name":"Winding Halls","player_choice":"Writhe","floor":37,"damage_taken":0},{"event_name":"Mysterious Sphere","player_choice":"Ignore","floor":39,"damage_taken":0},{"event_name":"Tomb of Lord Red Mask","player_choice":"Ignored","floor":41,"damage_taken":0},{"event_name":"Purifier","player_choice":"One Purge","floor":42,"damage_taken":0}],"boss_relics":[{"not_picked":["Philosopher\u0027s Stone","Orrery"],"picked":"Astrolabe"},{"not_picked":["Velvet Choker","The Specimen"],"picked":"Lizard Tail"}],"potions_floor_spawned":[3,7,16,19,20,22,25,35,48],"seed_played":"4492714190778253305","killed_by":"Time Eater","ascension_level":0,"is_trial":false}