{"path_per_floor":["M","$","?","?","M","R","?","E","T","M","R","M","M","$","R","B",null,"M","$","?","?","M","R","E","R","T","R","E","$","M","M","R","B",null,"M","$","M","?","M","R","E","M","T","M","R","?","R","?","R","B"],"character_chosen":"THE_SILENT","items_purchased":["Die Die Die","Flash of Steel","Escape Plan","Terror","Adrenaline"],"gold_per_floor":[212,137,212,162,180,180,180,209,209,227,227,238,251,70,70,175,175,193,94,19,19,30,30,58,58,140,140,167,16,32,44,44,142,142,157,12,26,0,16,16,44,61,61,79,79,79,79,79,79,79],"floor_reached":51,"campfire_rested":4,"playtime":3203,"current_hp_per_floor":[66,66,55,55,55,55,48,28,28,27,48,48,43,43,64,53,70,59,59,59,59,59,59,53,53,53,70,49,49,37,37,58,31,70,68,68,64,64,54,62,62,62,62,61,71,62,72,72,72,41],"items_purged":["Defend_G","Defend_G","Strike_G"],"gold":79,"score":589,"play_id":"d8249331-ae26-46da-87b3-5c10337cdba6","is_prod":false,"is_daily":false,"is_ascension_mode":false,"campfire_upgraded":7,"path_taken":["M","$","?","?","M","R","?","E","T","M","R","M","?","?","R","BOSS","M","$","?","?","M","R","E","R","T","R","E","$","M","M","R","BOSS","M","$","M","?","M","R","E","?","T","M","R","?","R","?","R","BOSS"],"build_version":"2018-02-15-PROD1","purchased_purges":3,"victory":true,"master_deck":["Defend_G","Defend_G","Defend_G","Strike_G","Survivor+1","Neutralize+1","Flying Knee","Dagger Spray+1","A Thousand Cuts+1","Deflect","Cloak And Dagger+1","Die Die Die+1","After Image+1","Cloak And Dagger","Flash of Steel+1","Footwork+1","Bullet Time+1","Escape Plan","Terror","Slice+1","Glass Knife+1","Cloak And Dagger+1","Adrenaline","Cloak And Dagger+1","Backflip+1","Infinite Blades+1","Madness","Madness"],"max_hp_per_floor":[70,70,70,70,70,70,70,70,70,70,70,70,70,70,70,70,70,70,70,70,70,70,70,70,70,70,70,70,70,70,70,70,70,70,70,70,70,70,70,70,70,70,70,72,72,72,72,72,72,72],"relics":["Ring of the Snake","Molten Egg 2","Bronze Scales","Black Star","Du-Vu Doll","Calipers","Tiny Chest","Smiling Mask","Matryoshka","Eternal Feather","Red Mask","Singing Bowl","Oddly Smooth Stone","Vajra","Juzu Bracelet"],"card_choices":[{"not_picked":["All Out Attack","Quick Slash"],"picked":"Flying Knee"},{"not_picked":["Expertise","Poisoned Stab"],"picked":"Dagger Spray"},{"not_picked":["Grand Finale","Riddle With Holes"],"picked":"A Thousand Cuts"},{"not_picked":["Finisher","Deadly Poison"],"picked":"Deflect"},{"not_picked":["Dagger Spray","Deadly Poison"],"picked":"Cloak And Dagger"},{"not_picked":["A Thousand Cuts","Storm of Steel"],"picked":"After Image"},{"not_picked":["Poisoned Stab","Dodge and Roll"],"picked":"Cloak And Dagger"},{"not_picked":["Distraction","Flying Knee"],"picked":"Footwork"},{"not_picked":["Dodge and Roll","Expertise"],"picked":"Bullet Time"},{"not_picked":["Deadly Poison","Outmaneuver"],"picked":"Slice"},{"not_picked":["Tactician","Storm of Steel"],"picked":"Glass Knife"},{"not_picked":["Poisoned Stab","Backflip"],"picked":"Cloak And Dagger"},{"not_picked":["Underhanded Strike","Crippling Poison"],"picked":"Cloak And Dagger"},{"not_picked":["PiercingWail","Bouncing Flask"],"picked":"Backflip"},{"not_picked":["Venomology","Noxious Fumes"],"picked":"Infinite Blades"}],"player_experience":673767,"potions_floor_usage":[8,16,16,22,24,30,33,37,41,50],"damage_taken":[{"damage":4,"enemies":"Jaw Worm","floor":1,"turns":6},{"damage":0,"enemies":"Cultist","floor":5,"turns":4},{"damage":20,"enemies":"Gremlin Nob","floor":8,"turns":5},{"damage":1,"enemies":"2 Louse","floor":10,"turns":3},{"damage":0,"enemies":"Looter","floor":12,"turns":3},{"damage":5,"enemies":"Large Slime","floor":13,"turns":5},{"damage":11,"enemies":"Slime Boss","floor":16,"turns":8},{"damage":11,"enemies":"Spheric Guardian","floor":18,"turns":4},{"damage":0,"enemies":"2 Thieves","floor":22,"turns":2},{"damage":6,"enemies":"Gremlin Leader","floor":24,"turns":7},{"damage":21,"enemies":"Slavers","floor":28,"turns":4},{"damage":12,"enemies":"Slaver and Parasite","floor":30,"turns":4},{"damage":0,"enemies":"Centurion and Healer","floor":31,"turns":4},{"damage":27,"enemies":"Automaton","floor":33,"turns":11},{"damage":2,"enemies":"3 Shapes","floor":35,"turns":5},{"damage":4,"enemies":"3 Darklings","floor":37,"turns":3},{"damage":10,"enemies":"4 Shapes","floor":39,"turns":4},{"damage":0,"enemies":"Nemesis","floor":41,"turns":5},{"damage":0,"enemies":"Maw","floor":42,"turns":7},{"damage":3,"enemies":"Sphere and 2 Shapes","floor":44,"turns":7},{"damage":31,"enemies":"Donu and Deca","floor":50,"turns":11}],"event_choices":[{"event_name":"World of Goop","player_choice":"Gather Gold","floor":3,"damage_taken":0},{"event_name":"The Cleric","player_choice":"Card Removal","floor":4,"damage_taken":0},{"event_name":"Golden Wing","player_choice":"Card Removal","floor":7,"damage_taken":0},{"event_name":"Beggar","player_choice":"Gave Gold","floor":20,"damage_taken":0},{"event_name":"Drug Dealer","player_choice":"Ignored","floor":21,"damage_taken":0},{"event_name":"Tomb of Lord Red Mask","player_choice":"Paid","floor":38,"damage_taken":0},{"event_name":"Winding Halls","player_choice":"Embrace Madness","floor":46,"damage_taken":0},{"event_name":"Mysterious Sphere","player_choice":"Ignore","floor":48,"damage_taken":0}],"boss_relics":[{"not_picked":["Runic Dome","Lizard Tail"],"picked":"Black Star"},{"not_picked":["Runic Pyramid","The Specimen"],"picked":"Eternal Feather"}],"potions_floor_spawned":[1,12,13,18,22,28,30,33,35,44],"seed_played":"8492552778067656705","ascension_level":0,"is_trial":false}