{"path_per_floor":["M","?","?","M","M","R","E","$","T","M","M","R","$","M","R","B",null,"M","M","M","M","?","R","$","?","T","R","M","?"],"character_chosen":"THE_SILENT","items_purchased":["Anchor","Noxious Fumes"],"gold_per_floor":[113,113,113,127,137,137,167,14,14,26,43,43,43,54,54,154,154,164,175,195,206,121,121,10,10,35,35,46,46],"floor_reached":30,"campfire_rested":3,"playtime":1417,"current_hp_per_floor":[70,75,75,66,65,65,37,37,37,36,36,58,58,45,67,55,75,75,57,45,45,45,67,67,75,75,75,44,44],"items_purged":["Strike_G"],"gold":46,"score":232,"play_id":"122d91c6-2163-48be-9232-9da6c2bdad88","is_prod":false,"is_daily":false,"is_ascension_mode":false,"campfire_upgraded":2,"path_taken":["M","?","?","M","M","R","E","?","T","M","M","R","$","M","R","BOSS","M","M","M","M","?","R","$","?","T","R","M","?","M"],"build_version":"2018-02-22-PROD2","purchased_purges":2,"victory":false,"master_deck":["Defend_G","Defend_G","Defend_G","Defend_G","Defend_G","Strike_G","Strike_G","Strike_G","Survivor","Neutralize+1","Outmaneuver+1","PiercingWail","Backstab","Predator","Prepared","Flying Knee","Dagger Spray+1","Adrenaline","Dodge and Roll","Malaise","Blur","Noxious Fumes","Well Laid Plans+1"],"max_hp_per_floor":[70,75,75,75,75,75,75,75,75,75,75,75,75,75,75,75,75,75,75,75,75,75,75,75,75,75,75,75,75],"relics":["Ring of the Snake","Pen Nib","Matryoshka","Anchor","Tingsha","Prayer Wheel","Runic Dome","Lantern","Juzu Bracelet","Bag of Marbles"],"card_choices":[{"not_picked":["Choke","Bane"],"picked":"Outmaneuver"},{"not_picked":["Choke","Finisher"],"picked":"PiercingWail"},{"not_picked":["Poisoned Stab","Deadly Poison"],"picked":"Backstab"},{"not_picked":["Tools of the Trade","Riddle With Holes"],"picked":"Predator"},{"not_picked":["Choke","Bane"],"picked":"Prepared"},{"not_picked":["Sucker Punch","Slice"],"picked":"Flying Knee"},{"not_picked":["Slice","Acrobatics"],"picked":"Dagger Spray"},{"not_picked":["Tactician","Unload"],"picked":"Adrenaline"},{"not_picked":["Deadly Poison","All Out Attack"],"picked":"Dodge and Roll"},{"not_picked":["Deadly Poison","Escape Plan"],"picked":"Malaise"},{"not_picked":["Outmaneuver","Backflip"],"picked":"Blur"},{"not_picked":["Deadly Poison","Crippling Poison"],"picked":"Well Laid Plans"}],"player_experience":800035,"potions_floor_usage":[21],"damage_taken":[{"damage":0.0,"enemies":"2 Louse","floor":1.0,"turns":3.0},{"damage":9.0,"enemies":"Jaw Worm","floor":4.0,"turns":6.0},{"damage":1.0,"enemies":"Cultist","floor":5.0,"turns":3.0},{"damage":43.0,"enemies":"Lagavulin","floor":7.0,"turns":10.0},{"damage":1.0,"enemies":"3 Louse","floor":10.0,"turns":2.0},{"damage":0.0,"enemies":"Gremlin Gang","floor":11.0,"turns":4.0},{"damage":13.0,"enemies":"Red Slaver","floor":14.0,"turns":4.0},{"damage":12.0,"enemies":"Hexaghost","floor":16.0,"turns":10.0},{"damage":0,"enemies":"3 Byrds","floor":18,"turns":4},{"damage":18,"enemies":"Chosen","floor":19,"turns":5},{"damage":12,"enemies":"Snake Plant","floor":20,"turns":5},{"damage":0,"enemies":"Centurion and Healer","floor":21,"turns":11},{"damage":31,"enemies":"Cultist and Chosen","floor":28,"turns":7},{"damage":44,"enemies":"Chosen and Byrds","floor":30,"turns":4}],"event_choices":[{"event_name":"Big Fish","player_choice":"Donut","floor":2.0,"damage_taken":0.0},{"event_name":"Upgrade Shrine","player_choice":"Upgraded","floor":3.0,"damage_taken":0.0},{"event_name":"Addict","player_choice":"Obtained Relic","floor":22,"damage_taken":0},{"event_name":"Wheel of Change","player_choice":"Full Heal","floor":25,"damage_taken":0},{"event_name":"Bonfire Elementals","player_choice":"BASIC","floor":29,"damage_taken":0}],"boss_relics":[{"not_picked":["The Specimen","Philosopher\u0027s Stone"],"picked":"Runic Dome"}],"potions_floor_spawned":[5,11,14,19],"seed_played":"-46226662143585021","killed_by":"Chosen and Byrds","ascension_level":0,"is_trial":false}