{"path_per_floor":["M","$","?","M","M","R","M","E","T","?","?","M","R","M","R","B",null,"M","M","?","?","?","R","M","R","T","R","$","M","R","M","R","B",null,"M","M","$","M","M","R","?","M","T","R","M","M","R","M","R","B"],"character_chosen":"THE_SILENT","items_purchased":["Cloak And Dagger","Mind Blast","Footwork","Panache"],"gold_per_floor":[109,64,64,79,89,89,109,137,212,212,212,232,232,244,244,341,341,353,370,370,370,370,370,387,387,387,387,143,154,154,174,174,274,274,291,302,14,27,41,41,41,57,57,57,75,89,89,106,106,106],"floor_reached":51,"campfire_rested":3,"playtime":2847,"current_hp_per_floor":[69,69,69,69,69,69,69,50,50,50,50,49,49,49,49,42,70,70,70,54,54,54,54,54,54,54,54,54,49,49,49,70,48,70,70,70,70,57,46,67,70,70,70,70,63,55,55,55,70,55],"items_purged":["Defend_G","Strike_G"],"gold":106,"score":628,"play_id":"76e53efc-87a9-47a5-9360-c55d8b2b7583","local_time":"20180412203743","is_prod":false,"is_daily":false,"chose_seed":false,"is_ascension_mode":false,"campfire_upgraded":9,"timestamp":1523558263,"path_taken":["M","$","?","M","?","R","M","E","T","?","?","M","R","M","R","BOSS","M","M","?","?","?","R","M","R","T","R","$","M","R","M","R","BOSS","M","M","$","M","M","R","?","M","T","R","M","M","R","M","R","BOSS"],"build_version":"2018-04-11","seed_source_timestamp":0,"purchased_purges":2,"victory":true,"master_deck":["Defend_G","Defend_G","Strike_G","Strike_G","Strike_G","Survivor","Neutralize+1","Choke+1","Cloak And Dagger+1","Calculated Gamble+1","Dagger Spray+1","Deflect","PiercingWail","Cloak And Dagger+1","Adrenaline","Slice","Backflip+1","Deflect","Mind Blast","Footwork","Malaise","After Image","Backflip","Dagger Throw+1","Panache+1","Well Laid Plans+1","Writhe","Noxious Fumes+1"],"max_hp_per_floor":[70,70,70,70,70,70,70,70,70,70,70,70,70,70,70,70,70,70,70,70,70,70,70,70,70,70,70,70,70,70,70,70,70,70,70,70,70,70,70,70,70,70,70,70,70,70,70,70,70,70],"relics":["Ring of the Snake","Pen Nib","Dodecahedron","Kunai","Sozu","Nilry\u0027s Codex","Orichalcum","Orrery","Bottled Tornado"],"card_choices":[{"not_picked":["Acrobatics","Flying Knee"],"picked":"Choke","floor":1.0},{"not_picked":["Backflip","Outmaneuver"],"picked":"Dagger Spray","floor":4.0},{"not_picked":["Backstab","Prepared"],"picked":"Deflect","floor":5.0},{"not_picked":["Setup","Expertise"],"picked":"PiercingWail","floor":7.0},{"not_picked":["Backstab","Dagger Throw"],"picked":"Cloak And Dagger","floor":8.0},{"not_picked":["Choke","Acrobatics"],"picked":"Adrenaline","floor":12.0},{"not_picked":["Bouncing Flask","Crippling Poison"],"picked":"Slice","floor":14.0},{"not_picked":["Deflect","Underhanded Strike"],"picked":"Backflip","floor":19.0},{"not_picked":["Masterful Stab","Dodge and Roll"],"picked":"Deflect","floor":24.0},{"not_picked":["Flying Knee","Sucker Punch"],"picked":"Malaise","floor":34.0},{"not_picked":["Backflip","Deadly Poison"],"picked":"After Image","floor":34.0},{"not_picked":["Eviscerate","Sucker Punch"],"picked":"Backflip","floor":34.0},{"not_picked":["Outmaneuver","Distraction"],"picked":"Dagger Throw","floor":35.0},{"not_picked":["Flying Knee","Sucker Punch"],"picked":"Well Laid Plans","floor":38.0},{"not_picked":["Expertise","Heel Hook"],"picked":"Noxious Fumes","floor":46}],"player_experience":425798,"potions_floor_usage":[],"damage_taken":[{"damage":1.0,"enemies":"Jaw Worm","floor":1.0,"turns":6.0},{"damage":0.0,"enemies":"Cultist","floor":4.0,"turns":3.0},{"damage":0.0,"enemies":"Small Slimes","floor":5.0,"turns":3.0},{"damage":0.0,"enemies":"Gremlin Gang","floor":7.0,"turns":3.0},{"damage":34.0,"enemies":"Lagavulin","floor":8.0,"turns":9.0},{"damage":1.0,"enemies":"Looter","floor":12.0,"turns":3.0},{"damage":0.0,"enemies":"Lots of Slimes","floor":14.0,"turns":1.0},{"damage":7.0,"enemies":"Hexaghost","floor":16.0,"turns":11.0},{"damage":0.0,"enemies":"Shell Parasite","floor":18.0,"turns":2.0},{"damage":0.0,"enemies":"Spheric Guardian","floor":19.0,"turns":3.0},{"damage":0.0,"enemies":"Snake Plant","floor":24.0,"turns":3.0},{"damage":5.0,"enemies":"Snecko","floor":29.0,"turns":4.0},{"damage":0.0,"enemies":"Centurion and Healer","floor":31.0,"turns":2.0},{"damage":37.0,"enemies":"Automaton","floor":33.0,"turns":12.0},{"damage":0.0,"enemies":"Orb Walker","floor":35.0,"turns":2.0},{"damage":0.0,"enemies":"3 Shapes","floor":36.0,"turns":7.0},{"damage":13.0,"enemies":"Sphere and 2 Shapes","floor":38.0,"turns":4.0},{"damage":11.0,"enemies":"Flame Bruiser 2 Orb","floor":39.0,"turns":5.0},{"damage":0,"enemies":"3 Darklings","floor":42,"turns":3},{"damage":7,"enemies":"Sphere and 2 Shapes","floor":45,"turns":4},{"damage":8,"enemies":"Spire Growth","floor":46,"turns":4},{"damage":0,"enemies":"Maw","floor":48,"turns":7},{"damage":15,"enemies":"Time Eater","floor":50,"turns":16}],"event_choices":[{"event_name":"Transmorgrifier","player_choice":"Transform","floor":3.0,"damage_taken":0.0},{"event_name":"Purifier","player_choice":"One Purge","floor":10.0,"damage_taken":0.0},{"event_name":"Living Wall","player_choice":"Forget","floor":11.0,"damage_taken":0.0},{"event_name":"Cursed Tome","player_choice":"Obtained Book","floor":20.0,"damage_taken":0.0},{"event_name":"The Mausoleum","player_choice":"No","floor":21.0,"damage_taken":0.0},{"event_name":"Drug Dealer","player_choice":"Ignored","floor":22.0,"damage_taken":0.0},{"event_name":"Winding Halls","player_choice":"Writhe","floor":41,"damage_taken":0}],"boss_relics":[],"potions_floor_spawned":[4,14,16,18,29,31,33,38,42,48],"seed_played":"5574484773917932328","ascension_level":0,"is_trial":false}