{"path_per_floor":["M","?","$","?","$","R","M","R","T","M","M","M","E","T","R","B",null,"M","M","?","?","?","R"],"character_chosen":"IRONCLAD","items_purchased":["Rampage","Inflame"],"gold_per_floor":[112,112,40,40,5,5,17,17,17,28,45,55,80,106,106,204,204,220,235,235,235,235,235],"floor_reached":24,"campfire_rested":2,"playtime":1193,"current_hp_per_floor":[80,73,73,73,73,73,78,78,78,80,80,74,43,43,67,19,64,60,36,36,36,36,55],"items_purged":[],"gold":235,"play_id":"a77ee2ea-eed0-4318-a110-0091a63a63cb","is_prod":false,"is_daily":false,"is_ascension_mode":false,"campfire_upgraded":2,"path_taken":["M","?","$","?","$","R","M","R","T","M","M","M","E","?","R","BOSS","M","M","?","?","?","R","E"],"build_version":"2018-01-25-PROD3","purchased_purges":0,"victory":false,"master_deck":["Strike_R","Strike_R","Strike_R","Strike_R","Defend_R","Defend_R","Defend_R","Defend_R","Bash","Rampage+1","Inflame+1","Headbutt","Headbutt","Flex","Dual Wield+1","Battle Trance"],"max_hp_per_floor":[80,80,80,80,80,80,80,80,80,80,80,80,80,80,80,80,64,64,64,64,64,64,64],"relics":["Burning Blood","Blood Vial","Sundial","Dodecahedron","Bronze Scales","Runic Cube"],"card_choices":[{"not_picked":["Clothesline","Flame Barrier"],"picked":"Headbutt"},{"not_picked":["Seeing Red","Twin Strike"],"picked":"Headbutt"},{"not_picked":["Cleave","Perfected Strike"],"picked":"Flex"},{"not_picked":["Armaments","Shockwave"],"picked":"Dual Wield"}],"player_experience":67702,"potions_floor_usage":[19,24],"damage_taken":[{"damage":0,"enemies":"2 Louse","floor":1,"turns":2},{"damage":3,"enemies":"Cultist","floor":7,"turns":3},{"damage":3,"enemies":"Jaw Worm","floor":10,"turns":3},{"damage":0,"enemies":"3 Louse","floor":11,"turns":3},{"damage":12,"enemies":"Looter","floor":12,"turns":3},{"damage":39,"enemies":"Lagavulin","floor":13,"turns":5},{"damage":56,"enemies":"Hexaghost","floor":16,"turns":8},{"damage":10,"enemies":"Spheric Guardian","floor":18,"turns":3},{"damage":32,"enemies":"3 Byrds","floor":19,"turns":4},{"damage":48,"enemies":"Slavers","floor":24,"turns":4}],"event_choices":[{"event_name":"Golden Wing","player_choice":"Card Removal","floor":2,"damage_taken":0},{"event_name":"Big Fish","player_choice":"Box","floor":4,"damage_taken":0},{"event_name":"Back to Basics","player_choice":"Elegance","floor":20,"damage_taken":0},{"event_name":"The Library","player_choice":"Read","floor":21,"damage_taken":0},{"event_name":"Drug Dealer","player_choice":"Ignored","floor":22,"damage_taken":0}],"boss_relics":[{"not_picked":["Tiny House","Philosopher\u0027s Stone"],"picked":"Runic Cube"}],"potions_floor_spawned":[12,16,18,19],"seed_played":"-3569810727752779656","killed_by":"Slavers","ascension_level":0,"is_trial":false}