{"path_per_floor":["M","M","?","M","M","R","?","R","T","E","M","M","$","T","R","B",null,"M","M","?","M","$","R","M","R","T","M","M","R","?","M","R"],"character_chosen":"IRONCLAD","items_purchased":["Offering","Bandage Up","Shrug It Off","Rupture","Spot Weakness","Deep Breath"],"gold_per_floor":[219,233,233,247,262,262,362,362,362,394,413,433,85,164,164,260,260,280,291,291,301,92,92,110,110,110,123,138,138,138,149,149],"floor_reached":33,"campfire_rested":1,"playtime":1872,"current_hp_per_floor":[80,80,80,77,68,68,68,68,68,39,40,30,30,30,54,10,80,80,80,56,49,49,49,36,36,36,41,36,36,42,42,42],"items_purged":["Strike_R"],"gold":149,"play_id":"ab107bd3-d301-4650-9f9d-cb9069d02a35","is_prod":false,"is_daily":false,"is_ascension_mode":false,"campfire_upgraded":6,"path_taken":["M","M","?","?","?","R","?","R","T","E","?","M","$","?","R","BOSS","M","M","?","M","$","R","M","R","T","M","M","R","?","?","R","BOSS"],"build_version":"2018-01-25-PROD3","purchased_purges":2,"victory":false,"master_deck":["Defend_R","Defend_R","Defend_R","Defend_R","Bash","Heavy Blade+1","Inflame+1","Pommel Strike+1","Flex","Flex","Offering+1","Bandage Up","Shrug It Off","Offering","Disarm+1","Bite_R","Bite_R","Bite_R","Bite_R","Bite_R","Rupture+1","Spot Weakness+1","Deep Breath+1","Decay","Pommel Strike+1"],"max_hp_per_floor":[80,80,80,80,80,80,80,80,80,80,80,80,80,80,80,80,80,80,80,56,56,56,56,56,56,56,56,56,56,62,62,62],"relics":["Burning Blood","Ginger","Blue Candle","Darkstone Periapt","Black Star","Letter Opener"],"card_choices":[{"not_picked":["Clothesline","Havoc"],"picked":"Heavy Blade"},{"not_picked":["Heavy Blade","Thunderclap"],"picked":"Inflame"},{"not_picked":["Corruption","Rampage"],"picked":"Pommel Strike"},{"not_picked":["Pommel Strike","Sentinel"],"picked":"Flex"},{"not_picked":["Clothesline","Barricade"],"picked":"Flex"},{"not_picked":["Dark Embrace","Exhume"],"picked":"Offering"},{"not_picked":["Anger","Havoc"],"picked":"Disarm"},{"not_picked":["Wild Strike","Searing Blow"],"picked":"Pommel Strike"}],"player_experience":84980,"potions_floor_usage":[16,16,16,31,33],"damage_taken":[{"damage":0,"enemies":"2 Louse","floor":1,"turns":3},{"damage":6,"enemies":"Cultist","floor":2,"turns":3},{"damage":9,"enemies":"Blue Slaver","floor":4,"turns":3},{"damage":15,"enemies":"Gremlin Gang","floor":5,"turns":5},{"damage":35,"enemies":"3 Sentries","floor":10,"turns":8},{"damage":5,"enemies":"Looter","floor":11,"turns":3},{"damage":16,"enemies":"Lots of Slimes","floor":12,"turns":4},{"damage":54,"enemies":"Hexaghost","floor":16,"turns":7},{"damage":4,"enemies":"Chosen","floor":18,"turns":3},{"damage":8,"enemies":"Spheric Guardian","floor":19,"turns":3},{"damage":21,"enemies":"Chosen and Byrds","floor":21,"turns":5},{"damage":31,"enemies":"Snake Plant","floor":24,"turns":4},{"damage":11,"enemies":"Snecko","floor":27,"turns":4},{"damage":19,"enemies":"Slaver and Parasite","floor":28,"turns":3},{"damage":18,"enemies":"3 Cultists","floor":31,"turns":4},{"damage":43,"enemies":"Automaton","floor":33,"turns":6}],"event_choices":[{"event_name":"Accursed Blacksmith","player_choice":"Forge","floor":3,"damage_taken":0},{"event_name":"Golden Shrine","player_choice":"Pray","floor":7,"damage_taken":0},{"event_name":"Vampires","player_choice":"Became a vampire","floor":20,"damage_taken":0},{"event_name":"Forgotten Altar","player_choice":"Smashed Altar","floor":30,"damage_taken":0}],"boss_relics":[{"not_picked":["Question Card","Orrery"],"picked":"Black Star"}],"potions_floor_spawned":[5,11,12,18,21,31],"seed_played":"-1595906505077247404","killed_by":"Automaton","ascension_level":0,"is_trial":false}