{"path_per_floor":["M","M","M","M","M","R","M","R","T","R","$","R","M","M","R","B",null,"M","$","M","?","M","R","M","M","T"],"character_chosen":"IRONCLAD","items_purchased":["Offering","Oddly Smooth Stone"],"gold_per_floor":[113,127,147,159,175,175,195,195,218,218,0,0,10,23,23,121,121,138,63,80,80,96,96,108,125,151],"floor_reached":27,"campfire_rested":0,"playtime":13150,"current_hp_per_floor":[67,72,72,68,57,57,60,60,60,60,60,60,50,51,51,41,72,64,64,56,56,32,32,17,11,11],"items_purged":["Strike_R"],"gold":151,"play_id":"22c94a07-6c6a-4115-b3fc-772983c8e3e5","is_prod":false,"is_daily":false,"is_ascension_mode":false,"campfire_upgraded":6,"path_taken":["M","?","?","M","M","R","M","R","T","R","$","R","M","M","R","BOSS","M","$","M","?","?","R","M","M","T","?"],"build_version":"2018-01-25-PROD3","purchased_purges":2,"victory":false,"master_deck":["Strike_R","Strike_R","Strike_R","Defend_R","Defend_R+1","Defend_R+1","Bash","Dual Wield+1","Spot Weakness+1","Seeing Red+1","Offering+1","Heavy Blade+1","Demon Form","Bloodletting+1","Inflame","Whirlwind+1"],"max_hp_per_floor":[72,72,72,72,72,72,72,72,72,72,72,72,72,72,72,72,72,72,72,72,72,72,72,72,72,72],"relics":["Burning Blood","War Paint","Oddly Smooth Stone","Velvet Choker","Bag of Preparation"],"card_choices":[{"not_picked":["Burning Pact","Sword Boomerang"],"picked":"Dual Wield"},{"not_picked":["Sentinel","Seeing Red"],"picked":"Spot Weakness"},{"not_picked":["Flex","Searing Blow"],"picked":"Seeing Red"},{"not_picked":["Anger","Flame Barrier"],"picked":"Heavy Blade"},{"not_picked":["Dark Embrace","Berserk"],"picked":"Demon Form"},{"not_picked":["Corruption","Havoc"],"picked":"Bloodletting"},{"not_picked":["Infernal Blade","Corruption"],"picked":"Whirlwind"}],"player_experience":92817,"potions_floor_usage":[16,16,22,24,27,27,27],"damage_taken":[{"damage":11.0,"enemies":"Blue Slaver","floor":1.0,"turns":4.0},{"damage":1.0,"enemies":"Cultist","floor":2.0,"turns":3.0},{"damage":6.0,"enemies":"2 Louse","floor":3.0,"turns":4.0},{"damage":10,"enemies":"2 Fungi Beasts","floor":4,"turns":3},{"damage":17,"enemies":"Lots of Slimes","floor":5,"turns":6},{"damage":3,"enemies":"Red Slaver","floor":7,"turns":4},{"damage":16,"enemies":"2 Fungi Beasts","floor":13,"turns":3},{"damage":5,"enemies":"Looter","floor":14,"turns":2},{"damage":31,"enemies":"Hexaghost","floor":16,"turns":7},{"damage":14,"enemies":"Spheric Guardian","floor":18,"turns":3},{"damage":14,"enemies":"2 Thieves","floor":20,"turns":3},{"damage":45,"enemies":"Sentry and Sphere","floor":22,"turns":8},{"damage":21,"enemies":"Slaver and Parasite","floor":24,"turns":4},{"damage":12,"enemies":"Snecko","floor":25,"turns":3},{"damage":10,"enemies":"Snake Plant","floor":27,"turns":3}],"event_choices":[{"event_name":"The Library","player_choice":"Read","floor":21,"damage_taken":0}],"boss_relics":[{"not_picked":["Runic Pyramid","Lizard Tail"],"picked":"Velvet Choker"}],"potions_floor_spawned":[1,2,4,14,16,18,22,25],"seed_played":"9116909580021081288","killed_by":"Snake Plant","ascension_level":0,"is_trial":false}