{"path_per_floor":["M","$","?","M","T","R","M","E","T","M","$","?","M","E","R","B",null,"M","M","?","M","?","R","E","R","T","$","E","M","M","?","R","B",null,"M","?","?","$","?","R","E","M","T","R","E","M","?","M","R","B"],"character_chosen":"IRONCLAD","items_purchased":["Inflame","Sword Boomerang","Brutality","Happy Flower","Anchor"],"gold_per_floor":[118,37,37,49,75,75,93,125,125,143,2,2,22,56,56,151,151,164,177,92,108,108,108,140,140,192,39,70,84,101,101,101,197,197,210,210,210,53,102,102,137,149,149,149,181,197,197,213,213,213],"floor_reached":51,"campfire_rested":3,"playtime":1357,"current_hp_per_floor":[78,78,78,70,70,70,70,41,41,38,38,31,27,26,50,7,80,77,68,68,41,41,41,32,32,32,32,15,15,24,15,33,28,61,43,35,35,35,22,22,28,34,34,34,38,37,37,19,41,60],"items_purged":[],"gold":213,"score":629,"play_id":"a4371521-d010-48b8-9274-f0dfe19731f9","is_prod":false,"is_daily":false,"is_ascension_mode":false,"campfire_upgraded":3,"path_taken":["M","$","?","M","?","R","M","E","T","M","$","?","M","E","R","BOSS","M","M","?","M","?","R","E","R","T","?","E","M","M","?","R","BOSS","M","?","?","$","?","R","E","M","T","R","E","M","?","M","R","BOSS"],"build_version":"2018-02-22-PROD2","purchased_purges":0,"victory":true,"master_deck":["Bash","Spot Weakness","Inflame","Sword Boomerang+1","Flex","Flex","Sword Boomerang","Rupture+1","Brutality","Twin Strike","Corruption","Brutality","Sword Boomerang+1","Flame Barrier+1","Sentinel+1","Bite","Bite","Bite","Bite","Thunderclap","Flame Barrier","Double Tap","Whirlwind+1","Dropkick+1","Dark Shackles+1","Armaments+1","Madness","Dual Wield+1","Offering"],"max_hp_per_floor":[80,80,80,80,80,80,80,80,80,80,80,80,80,80,80,80,80,80,80,80,80,56,56,56,56,56,56,56,56,56,61,61,61,61,61,61,61,61,61,61,61,61,61,61,75,75,75,75,75,75],"relics":["Philosopher\u0027s Stone","Orichalcum","Juzu Bracelet","Thread and Needle","Vajra","Sozu","Champion Belt","Ancient Tea Set","Blood Vial","Happy Flower","Lantern","Astrolabe","Anchor","Shovel","Unceasing Top","Pen Nib","Red Skull","Molten Egg 2","Mango"],"card_choices":[{"not_picked":["Dual Wield","Shrug It Off"],"picked":"Spot Weakness"},{"not_picked":["Cleave","Perfected Strike"],"picked":"Flex"},{"not_picked":["Metallicize","Barricade"],"picked":"Flex"},{"not_picked":["Armaments","Pommel Strike"],"picked":"Sword Boomerang"},{"not_picked":["Clothesline","Warcry"],"picked":"Rupture"},{"not_picked":["Uppercut","Spot Weakness"],"picked":"Twin Strike"},{"not_picked":["Headbutt","Wild Strike"],"picked":"Corruption"},{"not_picked":["Berserk","Dark Embrace"],"picked":"Brutality"},{"not_picked":["Ghostly Armor","Combust"],"picked":"Sword Boomerang"},{"not_picked":["Heavy Blade","Evolve"],"picked":"Flame Barrier"},{"not_picked":["Armaments","Rage"],"picked":"Sentinel"},{"not_picked":["Pummel","Dual Wield"],"picked":"Thunderclap"},{"not_picked":["Armaments","Clothesline"],"picked":"Flame Barrier"},{"not_picked":["Juggernaut","Immolate"],"picked":"Double Tap"},{"not_picked":["Power Through","Pummel"],"picked":"Armaments"},{"not_picked":["Combust","Clothesline"],"picked":"Dual Wield"},{"not_picked":["Dual Wield","Havoc"],"picked":"Offering"}],"player_experience":245651,"potions_floor_usage":[19,19,50],"damage_taken":[{"damage":2,"enemies":"Small Slimes","floor":1,"turns":3},{"damage":8,"enemies":"Cultist","floor":4,"turns":3},{"damage":0,"enemies":"2 Louse","floor":7,"turns":2},{"damage":29,"enemies":"Lagavulin","floor":8,"turns":4},{"damage":3,"enemies":"Exordium Thugs","floor":10,"turns":3},{"damage":4,"enemies":"Blue Slaver","floor":13,"turns":2},{"damage":1,"enemies":"Gremlin Nob","floor":14,"turns":2},{"damage":43,"enemies":"Hexaghost","floor":16,"turns":6},{"damage":3,"enemies":"Chosen","floor":18,"turns":3},{"damage":9,"enemies":"2 Thieves","floor":19,"turns":2},{"damage":27,"enemies":"Snake Plant","floor":21,"turns":3},{"damage":27,"enemies":"Gremlin Leader","floor":24,"turns":5},{"damage":21,"enemies":"Book of Stabbing","floor":28,"turns":4},{"damage":12,"enemies":"Sentry and Sphere","floor":29,"turns":4},{"damage":1,"enemies":"Snecko","floor":30,"turns":4},{"damage":21,"enemies":"Automaton","floor":33,"turns":6},{"damage":18,"enemies":"3 Shapes","floor":35,"turns":2},{"damage":15,"enemies":"Mysterious Sphere","floor":39,"turns":3},{"damage":2,"enemies":"2 Orb Walkers","floor":41,"turns":3},{"damage":0,"enemies":"Orb Walker","floor":42,"turns":1},{"damage":14,"enemies":"Nemesis","floor":45,"turns":3},{"damage":5,"enemies":"4 Shapes","floor":46,"turns":1},{"damage":29,"enemies":"Sphere and 2 Shapes","floor":48,"turns":4},{"damage":9,"enemies":"Awakened One","floor":50,"turns":4}],"event_choices":[{"event_name":"Bonfire Elementals","player_choice":"BASIC","floor":3,"damage_taken":0},{"event_name":"Golden Wing","player_choice":"Card Removal","floor":12,"damage_taken":0},{"event_name":"Addict","player_choice":"Obtained Relic","floor":20,"damage_taken":0},{"event_name":"Vampires","player_choice":"Became a vampire","floor":22,"damage_taken":0},{"event_name":"Forgotten Altar","player_choice":"Shed Blood","floor":31,"damage_taken":0},{"event_name":"Winding Halls","player_choice":"Embrace Madness","floor":36,"damage_taken":0},{"event_name":"The Lab","player_choice":"Got Potions","floor":37,"damage_taken":0},{"event_name":"Mysterious Sphere","player_choice":"Fight","floor":39,"damage_taken":0}],"boss_relics":[{"not_picked":["Calling Bell","Velvet Choker"],"picked":"Sozu"},{"not_picked":["Mark of Pain","Lizard Tail"],"picked":"Astrolabe"}],"potions_floor_spawned":[1,4,8,16,18,29,33,39,45,48],"seed_played":"618143080278424211","ascension_level":0,"is_trial":false}