{"path_per_floor":["M","?","M","?","$","$","R","E","T","R","?","M","?","?","R","B",null,"M","?","?","$","?","R","M","$","T","$","R","M","M","?","R","B",null,"M","M","$","M","?","$","R","$","T","E","M","?","$","M","R"],"character_chosen":"IRONCLAD","items_purchased":["Inflame","Paper Frog","Ancient Tea Set","Medical Kit"],"gold_per_floor":[110,185,204,204,54,54,54,82,106,106,106,124,124,224,224,329,329,341,611,611,259,259,259,272,122,122,122,122,133,148,63,63,163,193,209,221,29,40,0,0,0,0,27,62,75,75,75,91,91],"floor_reached":50,"campfire_rested":3,"playtime":1053,"current_hp_per_floor":[80,69,66,66,66,66,66,44,44,44,44,50,50,50,50,52,80,67,35,35,35,19,43,39,39,39,39,63,69,75,75,75,49,85,85,85,85,82,82,82,82,82,82,91,80,80,80,71,92],"items_purged":["Strike_R","Strike_R"],"gold":91,"score":464,"play_id":"c1530114-81a5-45f7-9d22-7357291a4091","is_prod":false,"is_daily":false,"is_ascension_mode":false,"campfire_upgraded":5,"path_taken":["M","?","?","?","?","$","R","E","T","R","?","?","?","?","R","BOSS","M","?","?","$","?","R","M","$","T","?","R","?","M","?","R","BOSS","M","M","?","M","?","?","R","$","T","E","?","?","$","M","R","BOSS"],"build_version":"2018-02-15-PROD1","purchased_purges":2,"victory":false,"master_deck":["Strike_R","Defend_R","Defend_R","Defend_R+1","Defend_R","Bash+1","Flex+1","Heavy Blade+1","Inflame+1","Double Tap+1","Heavy Blade+1","Offering+1"],"max_hp_per_floor":[80,80,80,80,80,80,80,80,80,80,80,80,80,80,80,80,80,80,80,80,80,80,80,80,80,80,80,80,80,80,80,80,80,85,85,85,85,85,85,85,85,85,85,92,92,92,92,92,92],"relics":["Burning Blood","Vajra","Bag of Marbles","Bronze Scales","Question Card","Paper Frog","Nilry\u0027s Codex","Ancient Tea Set","Gambling Chip","Blue Candle","Tiny House","Medical Kit","Red Mask","Art of War","Strawberry"],"card_choices":[{"not_picked":["True Grit","Headbutt"],"picked":"Flex"},{"not_picked":["Clash","Exhume"],"picked":"Heavy Blade"},{"not_picked":["Brutality","Demon Form"],"picked":"Double Tap"},{"not_picked":["Flex","Headbutt","Twin Strike"],"picked":"Heavy Blade"},{"not_picked":["Barricade","Impervious","Double Tap"],"picked":"Offering"}],"player_experience":216559,"potions_floor_usage":[33,35,44,50,50],"damage_taken":[{"damage":1,"enemies":"Cultist","floor":1,"turns":3},{"damage":9,"enemies":"Jaw Worm","floor":3,"turns":4},{"damage":28,"enemies":"Gremlin Nob","floor":8,"turns":4},{"damage":0,"enemies":"2 Louse","floor":12,"turns":2},{"damage":4,"enemies":"Slime Boss","floor":16,"turns":6},{"damage":19,"enemies":"Spheric Guardian","floor":18,"turns":4},{"damage":10,"enemies":"Shell Parasite","floor":24,"turns":2},{"damage":0,"enemies":"Sentry and Sphere","floor":29,"turns":2},{"damage":0,"enemies":"Snake Plant","floor":30,"turns":1},{"damage":32,"enemies":"Champ","floor":33,"turns":4},{"damage":0,"enemies":"Orb Walker","floor":35,"turns":1},{"damage":4,"enemies":"3 Shapes","floor":36,"turns":4},{"damage":9,"enemies":"Maw","floor":38,"turns":4},{"damage":4,"enemies":"2 Orb Walkers","floor":44,"turns":1},{"damage":17,"enemies":"3 Darklings","floor":45,"turns":3},{"damage":15,"enemies":"Sphere and 2 Shapes","floor":48,"turns":2},{"damage":93,"enemies":"Awakened One","floor":50,"turns":5}],"event_choices":[{"event_name":"World of Goop","player_choice":"Gather Gold","floor":2,"damage_taken":0},{"event_name":"Living Wall","player_choice":"Grow","floor":4,"damage_taken":0},{"event_name":"Purifier","player_choice":"One Purge","floor":11,"damage_taken":0},{"event_name":"Liars Game","player_choice":"disagreed","floor":13,"damage_taken":0},{"event_name":"Golden Shrine","player_choice":"Pray","floor":14,"damage_taken":0},{"event_name":"Knowing Skull","player_choice":"GOLD GOLD GOLD ","floor":19,"damage_taken":0},{"event_name":"Vampires","player_choice":"Ignored","floor":20,"damage_taken":0},{"event_name":"Cursed Tome","player_choice":"Obtained Book","floor":22,"damage_taken":0},{"event_name":"Addict","player_choice":"Obtained Relic","floor":31,"damage_taken":0},{"event_name":"Tomb of Lord Red Mask","player_choice":"Paid","floor":39,"damage_taken":0},{"event_name":"Bonfire Elementals","player_choice":"BASIC","floor":46,"damage_taken":0}],"boss_relics":[{"not_picked":["Orrery","Calling Bell"],"picked":"Question Card"},{"not_picked":["Black Blood","Black Star"],"picked":"Tiny House"}],"potions_floor_spawned":[3,24,33,35],"seed_played":"-1532328577648522803","killed_by":"Awakened One","ascension_level":0,"is_trial":false}