{"path_per_floor":["M","M","?","?","?","M","M","$","T","$","M","?","E","M","R","B",null,"M","?","$","M","$","E","M","?","T","R","E","R","M","M","R","B",null,"M","$","M","?","M","E","R","?","T","M","M","M","M","M","R","B"],"character_chosen":"IRONCLAD","items_purchased":["Centennial Puzzle","Unceasing Top","Blue Candle","Corruption","Flex","Panache","Armaments","Swift Potion","Ice Cream","Mummified Hand","Meat on the Bone","Flex","Madness","Rupture","Art of War","Ginger","Thread and Needle","Dark Embrace","Shrug It Off","Transmutation","Armaments","Kunai","Champion Belt","Girya","Apotheosis","Bloodletting","Whirlwind","Feel No Pain","Deep Breath","Iron Wave","Pantograph","Bronze Scales","Toolbox","Enlightenment"],"gold_per_floor":[100019,100032,100032,99982,99982,99995,100013,98699,98699,97589,97599,97599,97634,97651,97651,97748,97748,97765,97765,96460,96474,94924,94954,94966,94966,95019,95019,95050,95050,95065,95080,95080,95175,95175,95195,94183,94196,94196,94209,94240,94240,94240,94240,94259,94269,94283,94296,94314,94314,94314],"floor_reached":51,"campfire_rested":0,"playtime":1938,"current_hp_per_floor":[75,80,80,80,73,68,50,50,50,50,57,57,63,68,68,48,80,80,80,80,80,80,73,76,76,76,76,75,75,78,78,78,72,80,80,80,80,80,80,80,80,80,80,69,65,65,59,61,61,75],"items_purged":["Strike_R","Defend_R","Defend_R","Defend_R","Armaments"],"gold":94314,"score":599,"play_id":"8cccd1ed-0d87-4734-9ba1-4189bf6de1e8","local_time":"20180307162645","is_prod":false,"is_daily":false,"is_ascension_mode":false,"campfire_upgraded":3,"timestamp":1520432805,"path_taken":["M","M","?","?","?","M","?","$","T","$","M","?","E","M","R","BOSS","M","?","$","?","$","E","M","?","T","R","E","R","?","?","R","BOSS","M","$","M","?","M","E","R","?","T","M","?","M","M","M","R","BOSS"],"build_version":"2018-03-01-PROD1","purchased_purges":5,"victory":true,"master_deck":["Burning Pact","Corruption+1","Flex","Panache","Armaments","Flex","Madness","Rupture","Infernal Blade","Feel No Pain","Fiend Fire","Dark Embrace","Shrug It Off","Transmutation","Limit Break","Apotheosis+1","Bloodletting","Whirlwind","Feel No Pain+1","Deep Breath","Iron Wave","Limit Break","Seeing Red+1","Bloodletting","Barricade","Metallicize+1","Enlightenment","Shrug It Off","Pain","Warcry+1"],"max_hp_per_floor":[80,80,80,80,80,80,80,80,80,80,80,80,80,80,80,80,80,80,80,80,80,80,80,80,80,80,80,80,80,80,80,80,80,80,80,80,80,80,80,80,80,80,80,80,80,80,80,80,80,80],"relics":["Burning Blood","Vajra","Centennial Puzzle","Unceasing Top","Blue Candle","Red Skull","Ice Cream","Mummified Hand","Meat on the Bone","Self Forming Clay","Lizard Tail","Art of War","Ginger","Thread and Needle","Kunai","Champion Belt","Girya","Torii","Bag of Preparation","Mercury Hourglass","Cursed Key","Pantograph","Bronze Scales","Toolbox","Molten Egg 2","Anchor"],"card_choices":[{"not_picked":["Metallicize","Impervious"],"picked":"Burning Pact"},{"not_picked":["Shrug It Off","Heavy Blade"],"picked":"Infernal Blade"},{"not_picked":["Sword Boomerang","Pommel Strike"],"picked":"Feel No Pain"},{"not_picked":["Demon Form","Immolate"],"picked":"Fiend Fire"},{"not_picked":["Anger","Dual Wield"],"picked":"Limit Break"},{"not_picked":["Anger","Exhume"],"picked":"Seeing Red"},{"not_picked":["Pummel","Shrug It Off"],"picked":"Bloodletting"},{"not_picked":["Exhume","Berserk"],"picked":"Barricade"},{"not_picked":["Armaments","True Grit"],"picked":"Metallicize"},{"not_picked":["Pummel","Second Wind"],"picked":"Shrug It Off"},{"not_picked":["Flame Barrier","Disarm"],"picked":"Warcry"}],"player_experience":293122,"potions_floor_usage":[11,18,50,50],"damage_taken":[{"damage":11,"enemies":"Jaw Worm","floor":1,"turns":2},{"damage":0,"enemies":"Cultist","floor":2,"turns":2},{"damage":11,"enemies":"2 Louse","floor":6,"turns":3},{"damage":24,"enemies":"Blue Slaver","floor":7,"turns":3},{"damage":11,"enemies":"Exordium Wildlife","floor":11,"turns":4},{"damage":0,"enemies":"Gremlin Nob","floor":13,"turns":2},{"damage":1,"enemies":"2 Fungi Beasts","floor":14,"turns":3},{"damage":26,"enemies":"Slime Boss","floor":16,"turns":8},{"damage":0,"enemies":"Chosen","floor":18,"turns":4},{"damage":5,"enemies":"2 Thieves","floor":21,"turns":2},{"damage":19,"enemies":"Gremlin Leader","floor":23,"turns":4},{"damage":3,"enemies":"3 Cultists","floor":24,"turns":2},{"damage":7,"enemies":"Book of Stabbing","floor":28,"turns":3},{"damage":3,"enemies":"Snecko","floor":30,"turns":2},{"damage":6,"enemies":"Centurion and Healer","floor":31,"turns":3},{"damage":12,"enemies":"Collector","floor":33,"turns":3},{"damage":6,"enemies":"3 Darklings","floor":35,"turns":1},{"damage":6,"enemies":"Orb Walker","floor":37,"turns":1},{"damage":6,"enemies":"3 Darklings","floor":39,"turns":1},{"damage":6,"enemies":"Giant Head","floor":40,"turns":1},{"damage":17,"enemies":"Sphere and 2 Shapes","floor":44,"turns":2},{"damage":14,"enemies":"Maw","floor":45,"turns":2},{"damage":6,"enemies":"3 Darklings","floor":46,"turns":1},{"damage":12,"enemies":"4 Shapes","floor":47,"turns":1},{"damage":4,"enemies":"Sphere and 2 Shapes","floor":48,"turns":1},{"damage":11,"enemies":"Time Eater","floor":50,"turns":3}],"event_choices":[{"event_name":"Wheel of Change","player_choice":"Card Removal","floor":3,"damage_taken":0},{"event_name":"The Cleric","player_choice":"Card Removal","floor":4,"damage_taken":0},{"event_name":"Golden Wing","player_choice":"Card Removal","floor":5,"damage_taken":0},{"event_name":"Liars Game","player_choice":"disagreed","floor":12,"damage_taken":0},{"event_name":"Back to Basics","player_choice":"Elegance","floor":19,"damage_taken":0},{"event_name":"Transmorgrifier","player_choice":"Transform","floor":25,"damage_taken":0},{"event_name":"Tomb of Lord Red Mask","player_choice":"Ignored","floor":38,"damage_taken":0}],"boss_relics":[{"not_picked":["Runic Pyramid","Orrery"],"picked":"Lizard Tail"},{"not_picked":["Sozu","Runic Cube"],"picked":"Cursed Key"}],"potions_floor_spawned":[1,6,13,16,21,28,30,39,40,46,47,48],"seed_played":"-3540642591125485034","ascension_level":0,"is_trial":false}