{"path_per_floor":["M","?","M","?","T","M","$","M","T","R","E","M","$","M","R","B",null,"M","T","?","?","?","M","$","R","T","M","E","M","$","M","R","B",null,"M","$","M","?","M","R","T","R","T","M","E","R","?","?","R","B"],"character_chosen":"IRONCLAD","items_purchased":["Tiny Chest","Twin Strike","Inflame"],"gold_per_floor":[217,217,235,235,235,250,12,33,82,82,121,145,45,68,68,193,193,178,178,93,93,93,93,17,17,17,17,17,17,17,17,17,17,17,17,17,17,17,17,17,17,17,17,17,17,17,17,0,0,0],"floor_reached":51,"campfire_rested":1,"playtime":923,"current_hp_per_floor":[80,80,80,60,60,55,55,60,60,60,58,60,60,62,62,29,80,77,77,77,77,61,63,63,63,63,52,42,25,25,31,55,45,80,80,80,65,55,80,80,94,94,94,94,85,85,85,85,85,71],"items_purged":["Defend_R","Defend_R"],"gold":0,"score":570,"play_id":"433e14d0-cd01-420b-ad7c-9648df5b0502","local_time":"20180309082431","is_prod":false,"is_daily":false,"is_ascension_mode":false,"campfire_upgraded":7,"timestamp":1520576671,"path_taken":["M","?","M","?","?","M","$","M","T","R","E","?","?","?","R","BOSS","M","?","?","?","?","?","$","R","T","M","E","M","?","?","R","BOSS","M","$","M","?","M","R","?","R","T","?","E","R","?","?","R","BOSS"],"build_version":"2018-03-01-PROD1","purchased_purges":2,"victory":true,"master_deck":["Strike_R","Strike_R","Strike_R","Strike_R","Defend_R","Bash+1","Flex+1","Twin Strike+1","Offering+1","Necronomicurse","Inflame+1","Whirlwind+1","Reaper","Thunderclap+1","Madness+1","Madness+1"],"max_hp_per_floor":[80,80,80,80,80,80,80,80,80,80,80,80,80,80,80,80,80,80,80,80,80,80,80,80,80,80,80,80,80,80,80,80,80,80,80,80,80,80,80,80,94,94,94,94,94,94,94,94,94,94],"relics":["Burning Blood","Bloody Idol","Bird Faced Urn","Tiny Chest","Lantern","Frozen Egg 2","Ectoplasm","Centennial Puzzle","Shuriken","Necronomicon","Charon\u0027s Ashes","Paper Frog","Question Card","Mango","Blood Vial","Letter Opener","Red Mask"],"card_choices":[{"not_picked":["Cleave","True Grit"],"picked":"Flex"},{"not_picked":["Iron Wave","Infernal Blade"],"picked":"Offering"},{"not_picked":["Body Slam","Armaments"],"picked":"Whirlwind"},{"not_picked":["Demon Form","Bludgeon"],"picked":"Reaper"},{"not_picked":["Disarm","Shrug It Off","Uppercut"],"picked":"Thunderclap"}],"player_experience":297316,"potions_floor_usage":[8,11,28,28,33,50,50],"damage_taken":[{"damage":5,"enemies":"2 Louse","floor":1,"turns":3},{"damage":6,"enemies":"Cultist","floor":3,"turns":3},{"damage":11,"enemies":"Jaw Worm","floor":6,"turns":2},{"damage":1,"enemies":"2 Fungi Beasts","floor":8,"turns":3},{"damage":8,"enemies":"Gremlin Nob","floor":11,"turns":3},{"damage":4,"enemies":"Exordium Thugs","floor":12,"turns":1},{"damage":4,"enemies":"Blue Slaver","floor":14,"turns":1},{"damage":39,"enemies":"Slime Boss","floor":16,"turns":6},{"damage":9,"enemies":"2 Thieves","floor":18,"turns":2},{"damage":4,"enemies":"Spheric Guardian","floor":23,"turns":1},{"damage":19,"enemies":"Centurion and Healer","floor":27,"turns":2},{"damage":18,"enemies":"Slavers","floor":28,"turns":2},{"damage":25,"enemies":"Snake Plant","floor":29,"turns":2},{"damage":0,"enemies":"Cultist and Chosen","floor":31,"turns":2},{"damage":18,"enemies":"Automaton","floor":33,"turns":4},{"damage":4,"enemies":"3 Darklings","floor":35,"turns":1},{"damage":29,"enemies":"3 Shapes","floor":37,"turns":2},{"damage":4,"enemies":"3 Darklings","floor":39,"turns":1},{"damage":13,"enemies":"4 Shapes","floor":44,"turns":1},{"damage":17,"enemies":"Giant Head","floor":45,"turns":4},{"damage":31,"enemies":"Donu and Deca","floor":50,"turns":3}],"event_choices":[{"event_name":"Purifier","player_choice":"One Purge","floor":2,"damage_taken":0},{"event_name":"Golden Idol","player_choice":"Take Damage","floor":4,"damage_taken":0},{"event_name":"Addict","player_choice":"Obtained Relic","floor":20,"damage_taken":0},{"event_name":"Forgotten Altar","player_choice":"Gave Idol","floor":21,"damage_taken":0},{"event_name":"Cursed Tome","player_choice":"Obtained Book","floor":22,"damage_taken":0},{"event_name":"Winding Halls","player_choice":"Embrace Madness","floor":38,"damage_taken":0},{"event_name":"Bonfire Elementals","player_choice":"BASIC","floor":47,"damage_taken":0},{"event_name":"Tomb of Lord Red Mask","player_choice":"Paid","floor":48,"damage_taken":0}],"boss_relics":[{"not_picked":["Black Star","Pandora\u0027s Box"],"picked":"Ectoplasm"},{"not_picked":["Eternal Feather","White Beast Statue"],"picked":"Question Card"}],"potions_floor_spawned":[1,6,12,16,23,28,33,37,44,45],"seed_played":"-5938174235145142391","ascension_level":0,"is_trial":false}