{"path_per_floor":["M","?","M","$","?","R","?","M","T","E","M","$","M","$","R","B",null,"M","?","M","$","?","R","M","R","T","?","M","M","$","M","R","B",null,"M","$","?","M","T","R","T","$","T","M","R","M","M","E","R","B"],"character_chosen":"IRONCLAD","items_purchased":["Centennial Puzzle","Girya","Bottled Flame","Shrug It Off","Rupture","Strength Potion","Power Through","Ornamental Fan","Molten Egg 2","Kunai","Master of Strategy","Infernal Blade","Berserk","Jack Of All Trades","Art of War","Toolbox","Dead Branch","Panache","True Grit","Armaments","Finesse","Calipers","Bag of Preparation","Self Forming Clay","Exhume","Evolve","True Grit","Medical Kit","Charon\u0027s Ashes","Darkstone Periapt","Panache","Jack Of All Trades","Inflame","Second Wind","Warcry","Shuriken","Pear","Bronze Scales","Havoc","Transmutation","Madness","Dual Wield","Matryoshka","Mercury Hourglass","Letter Opener","Master of Strategy","Flex","Deep Breath","Warcry"],"gold_per_floor":[100015,99980,99994,98959,98959,98959,98959,98983,99039,99070,99094,97781,97795,96622,96622,96742,96742,96762,96762,96787,95872,95972,95972,95992,95992,95992,95992,96015,96031,94805,94824,94824,94952,94952,94965,93892,93892,93908,93908,93908,93934,92704,92729,92743,92743,92763,92778,92818,92818,92818],"floor_reached":51,"campfire_rested":0,"playtime":1459,"current_hp_per_floor":[76,76,68,68,68,68,50,49,49,43,43,43,47,47,47,44,80,80,80,77,77,77,77,77,77,77,77,77,77,77,80,80,77,83,83,93,93,89,95,95,101,101,107,107,107,105,110,101,115,85],"items_purged":["Injury","Clash","Parasite"],"gold":92818,"score":628,"play_id":"2c27bc27-6227-43a8-8301-2b0b5907a8a8","local_time":"20180307082531","is_prod":false,"is_daily":false,"is_ascension_mode":false,"campfire_upgraded":2,"timestamp":1520403931,"path_taken":["M","?","?","$","?","R","?","M","T","E","M","$","M","?","R","BOSS","M","?","M","$","?","R","M","R","T","?","M","?","$","?","R","BOSS","M","$","?","M","?","R","?","$","T","M","R","M","M","E","R","BOSS"],"build_version":"2018-03-01-PROD1","purchased_purges":6,"victory":true,"master_deck":["Shockwave","Dropkick","Body Slam","Flex","Clash","Corruption+1","Seeing Red","Seeing Red","Shrug It Off","Rupture","Power Through","Seeing Red","Shrug It Off","Master of Strategy","Infernal Blade","Berserk","Jack Of All Trades","Feel No Pain","Panache","True Grit","Armaments","Finesse","Fiend Fire+1","Corruption+1","Exhume","Evolve","True Grit","Infernal Blade+1","Sever Soul+1","Panache","Jack Of All Trades","Inflame","Second Wind","Warcry","Offering+1","Exhume","Second Wind","Havoc","Transmutation","Madness","Dual Wield","Dark Shackles","Havoc+1","Doubt","Master of Strategy","Flex","Deep Breath","Warcry","Injury","Shrug It Off+1","Feel No Pain","Corruption+1"],"max_hp_per_floor":[80,80,80,80,80,80,80,80,80,80,80,80,80,80,80,80,80,80,80,80,80,80,80,80,80,80,80,80,80,80,83,83,83,83,83,93,93,93,99,99,105,102,108,108,108,108,110,110,124,124],"relics":["Pandora\u0027s Box","Centennial Puzzle","Girya","Bottled Flame","Golden Idol","Blue Candle","Tiny Chest","Happy Flower","Ornamental Fan","Molten Egg 2","Kunai","Art of War","Toolbox","Dead Branch","Philosopher\u0027s Stone","Calipers","Bag of Preparation","Self Forming Clay","Red Skull","Medical Kit","Charon\u0027s Ashes","Darkstone Periapt","Cursed Key","Shuriken","Pear","Bronze Scales","Shovel","Ancient Tea Set","Orichalcum","Matryoshka","Mercury Hourglass","Letter Opener","Toxic Egg 2","Singing Bowl","Omamori","Vajra","Mango"],"card_choices":[{"not_picked":["Shrug It Off","Armaments"],"picked":"Seeing Red"},{"not_picked":["Blood for Blood","Body Slam"],"picked":"Shrug It Off"},{"not_picked":["Iron Wave","Spot Weakness"],"picked":"Feel No Pain"},{"not_picked":["Exhume","Bludgeon"],"picked":"Fiend Fire"},{"not_picked":["Anger","Twin Strike"],"picked":"Corruption"},{"not_picked":["Flex","Pummel"],"picked":"Infernal Blade"},{"not_picked":["Headbutt","Wild Strike"],"picked":"Sever Soul"},{"not_picked":["Iron Wave","Inflame"],"picked":"Offering"},{"not_picked":["Brutality","Reaper"],"picked":"Exhume"},{"not_picked":["Heavy Blade","Pommel Strike"],"picked":"Second Wind"},{"not_picked":["Dropkick","Body Slam"],"picked":"Havoc"},{"not_picked":["Clash","Battle Trance"],"picked":"Shrug It Off"},{"not_picked":["Clash","Fire Breathing"],"picked":"Feel No Pain"},{"not_picked":["Shockwave","Armaments"],"picked":"Corruption"}],"player_experience":282751,"potions_floor_usage":[50],"damage_taken":[{"damage":4.0,"enemies":"2 Louse","floor":1.0,"turns":2.0},{"damage":8.0,"enemies":"Jaw Worm","floor":3.0,"turns":2.0},{"damage":1,"enemies":"Cultist","floor":8,"turns":2},{"damage":6,"enemies":"Lagavulin","floor":10,"turns":4},{"damage":0,"enemies":"Blue Slaver","floor":11,"turns":2},{"damage":0,"enemies":"Looter","floor":13,"turns":2},{"damage":3,"enemies":"The Guardian","floor":16,"turns":4},{"damage":0,"enemies":"Shell Parasite","floor":18,"turns":1},{"damage":3,"enemies":"Chosen","floor":20,"turns":1},{"damage":0,"enemies":"Snecko","floor":24,"turns":1},{"damage":0,"enemies":"Snake Plant","floor":28,"turns":1},{"damage":0,"enemies":"Sentry and Sphere","floor":29,"turns":1},{"damage":0,"enemies":"Slaver and Parasite","floor":31,"turns":2},{"damage":3,"enemies":"Collector","floor":33,"turns":2},{"damage":0,"enemies":"3 Darklings","floor":35,"turns":1},{"damage":4,"enemies":"Orb Walker","floor":38,"turns":1},{"damage":0,"enemies":"Maw","floor":44,"turns":1},{"damage":3,"enemies":"Sphere and 2 Shapes","floor":46,"turns":1},{"damage":1,"enemies":"4 Shapes","floor":47,"turns":1},{"damage":9,"enemies":"Nemesis","floor":48,"turns":3},{"damage":30,"enemies":"Awakened One","floor":50,"turns":2}],"event_choices":[{"event_name":"World of Goop","player_choice":"Left","floor":2.0,"damage_taken":0.0},{"event_name":"Golden Idol","player_choice":"Take Wound","floor":5,"damage_taken":0},{"event_name":"Scrap Ooze","player_choice":"success","floor":7,"damage_taken":18},{"event_name":"Purifier","player_choice":"One Purge","floor":19,"damage_taken":0},{"event_name":"Golden Shrine","player_choice":"Pray","floor":22,"damage_taken":0},{"event_name":"The Lab","player_choice":"Got Potions","floor":27,"damage_taken":0},{"event_name":"Match and Keep!","player_choice":"1 cards matched","floor":37,"damage_taken":0}],"boss_relics":[{"not_picked":["Question Card","Astrolabe"],"picked":"Philosopher\u0027s Stone"},{"not_picked":["Tiny House","Orrery"],"picked":"Cursed Key"}],"potions_floor_spawned":[1,3,11,13,20,24,29,33,35,38,46,47],"seed_played":"5608208786649700380","ascension_level":0,"is_trial":false}