{"path_per_floor":["M","M","?","?","$","E","R","M","T","?","$","M","?","M","R","B",null,"M","M","M","?","$","R","?","$","T","M","E","?","?","?","R","B",null,"M","M","$","T","?","R","M","$","T","M","E","R","E","?","R","B"],"character_chosen":"IRONCLAD","items_purchased":["Happy Flower","Medical Kit","Pen Nib","Apotheosis","Block Potion","Dexterity Potion","Dropkick","Dark Shackles","Lantern","Frozen Eye","Gremlin Horn","Dead Branch","Toolbox","Ornamental Fan","Sadistic Nature","Rupture","Dual Wield","Flex","Letter Opener","Mummified Hand","Ancient Tea Set","Evolve","Havoc","Torii","Tiny Chest","Bottled Flame","Metallicize","Madness","Secret Weapon","Calipers","Bag of Preparation","Whetstone","Exhume","Seeing Red"],"gold_per_floor":[100013,100032,100032,100132,99078,99103,99103,99122,99148,99148,98368,98384,98334,98352,98352,98452,98452,98469,98487,98502,98502,97188,97188,97113,96230,96230,96244,96277,96277,96277,96277,96277,96380,96380,96400,96414,95185,95185,95185,95185,95203,94268,94291,94308,94337,94337,94371,94331,94331,94331],"floor_reached":51,"campfire_rested":0,"playtime":1633,"current_hp_per_floor":[80,79,79,79,79,67,67,60,60,60,60,61,61,63,63,77,77,76,71,58,58,58,58,58,58,58,66,65,65,65,65,65,68,77,51,77,77,84,73,73,84,84,84,73,66,66,65,65,65,68],"items_purged":["Normality","Regret","Writhe","Strike_R","Dark Shackles","Strike_R"],"gold":94331,"score":572,"play_id":"72820d67-6e0d-411e-8bff-a79d3c39f831","local_time":"20180307091614","is_prod":false,"is_daily":false,"is_ascension_mode":false,"campfire_upgraded":7,"timestamp":1520406974,"path_taken":["M","M","?","?","$","E","R","M","T","?","$","M","?","M","R","BOSS","M","M","?","?","$","R","?","$","T","M","E","?","?","?","R","BOSS","M","M","$","?","?","R","M","$","T","M","E","R","E","?","R","BOSS"],"build_version":"2018-03-01-PROD1","purchased_purges":6,"victory":true,"master_deck":["Strike_R+1","Strike_R+1","Defend_R+1","Defend_R+1","Defend_R+1","Defend_R+1","Bash+1","Evolve","Apotheosis+1","Dropkick+1","Reaper+1","Cleave+1","Offering+1","Flex","Infernal Blade+1","Sadistic Nature","Rupture","Dual Wield+1","Flex","Evolve","Havoc","Uppercut+1","Armaments+1","Pommel Strike+1","Metallicize+1","Madness+1","Secret Weapon","Madness+1","Madness","Power Through+1","Exhume","Seeing Red+1","Second Wind+1","Exhume"],"max_hp_per_floor":[80,80,80,80,80,80,80,80,80,80,80,80,77,77,77,77,77,77,77,77,77,77,77,77,77,77,77,77,77,77,77,77,77,77,77,77,77,84,84,84,84,84,84,84,84,84,84,84,84,84],"relics":["Calling Bell","Pantograph","War Paint","Orichalcum","Happy Flower","Medical Kit","Pen Nib","Molten Egg 2","Blood Vial","Art of War","Lantern","Frozen Eye","Gremlin Horn","Sozu","Juzu Bracelet","Dead Branch","Toolbox","Ornamental Fan","Letter Opener","Mummified Hand","Ancient Tea Set","Frozen Egg 2","Magic Flower","Mark of Pain","Torii","Tiny Chest","Bottled Flame","Strawberry","Calipers","Bag of Preparation","Whetstone","Oddly Smooth Stone","Bottled Lightning","Dream Catcher"],"card_choices":[{"not_picked":["True Grit","Hemokinesis"],"picked":"Evolve"},{"not_picked":["Twin Strike","Heavy Blade"],"picked":"Reaper"},{"not_picked":["Ghostly Armor","Sever Soul"],"picked":"Cleave"},{"not_picked":["Demon Form","Barricade"],"picked":"Offering"},{"not_picked":["Headbutt","Clothesline"],"picked":"Flex"},{"not_picked":["Power Through","Ghostly Armor"],"picked":"Infernal Blade"},{"not_picked":["Havoc","Headbutt"],"picked":"Armaments"},{"not_picked":["Perfected Strike","Clothesline"],"picked":"Pommel Strike"},{"not_picked":["Shrug It Off","Body Slam"],"picked":"Power Through"},{"not_picked":["Havoc","Twin Strike"],"picked":"Second Wind"},{"not_picked":["Bloodletting","Intimidate"],"picked":"Exhume"}],"player_experience":285540,"potions_floor_usage":[16,50,50],"damage_taken":[{"damage":0,"enemies":"2 Louse","floor":1,"turns":4},{"damage":1,"enemies":"Small Slimes","floor":2,"turns":4},{"damage":12,"enemies":"Lagavulin","floor":6,"turns":6},{"damage":7,"enemies":"Jaw Worm","floor":8,"turns":4},{"damage":1,"enemies":"Gremlin Gang","floor":12,"turns":3},{"damage":0,"enemies":"Looter","floor":14,"turns":2},{"damage":3,"enemies":"Slime Boss","floor":16,"turns":8},{"damage":4,"enemies":"Chosen","floor":18,"turns":5},{"damage":6,"enemies":"Spheric Guardian","floor":19,"turns":3},{"damage":23,"enemies":"Chosen and Byrds","floor":20,"turns":4},{"damage":7,"enemies":"Cultist and Chosen","floor":27,"turns":2},{"damage":4,"enemies":"Book of Stabbing","floor":28,"turns":3},{"damage":16,"enemies":"Champ","floor":33,"turns":7},{"damage":35,"enemies":"3 Shapes","floor":35,"turns":3},{"damage":0,"enemies":"3 Darklings","floor":36,"turns":2},{"damage":3,"enemies":"Sphere and 2 Shapes","floor":41,"turns":1},{"damage":11,"enemies":"Maw","floor":44,"turns":3},{"damage":10,"enemies":"2 Orb Walkers","floor":45,"turns":2},{"damage":4,"enemies":"Giant Head","floor":47,"turns":1},{"damage":20,"enemies":"Donu and Deca","floor":50,"turns":3}],"event_choices":[{"event_name":"Liars Game","player_choice":"disagreed","floor":3,"damage_taken":0},{"event_name":"Golden Shrine","player_choice":"Pray","floor":4,"damage_taken":0},{"event_name":"Big Fish","player_choice":"Box","floor":10,"damage_taken":0},{"event_name":"The Cleric","player_choice":"Card Removal","floor":13,"damage_taken":0},{"event_name":"The Mausoleum","player_choice":"Yes","floor":21,"damage_taken":0},{"event_name":"Beggar","player_choice":"Gave Gold","floor":24,"damage_taken":0},{"event_name":"The Lab","player_choice":"Got Potions","floor":29,"damage_taken":0},{"event_name":"Transmorgrifier","player_choice":"Transform","floor":30,"damage_taken":0},{"event_name":"Back to Basics","player_choice":"Simplicity","floor":31,"damage_taken":0},{"event_name":"Winding Halls","player_choice":"Embrace Madness","floor":39,"damage_taken":0},{"event_name":"The Woman in Blue","player_choice":"Bought 3 Potions","floor":48,"damage_taken":0}],"boss_relics":[{"not_picked":["Pandora\u0027s Box","Runic Cube"],"picked":"Sozu"},{"not_picked":["Question Card","Orrery"],"picked":"Mark of Pain"}],"potions_floor_spawned":[1,6,14,19,20,41,45],"seed_played":"1222477905697483942","ascension_level":0,"is_trial":false}