{"path_per_floor":["M","?","?","M","$","E","?","R","T","R","$","M","M","M","R","B",null,"M","?","M","?","$","R","E","R","T","?","$","M","R","M","R","B",null,"M","M","?","M","$","R","M","E","T","E","$","E","R","?","R","B"],"character_chosen":"IRONCLAD","items_purchased":["Orichalcum","Armaments","Inflame","Flash of Steel","Flex","Strength Potion","Ancient Potion","Whetstone"],"gold_per_floor":[114,189,189,199,22,56,56,56,79,79,43,54,69,81,81,183,183,195,195,207,207,8,8,35,35,35,35,35,53,53,64,64,165,165,180,200,200,216,89,89,101,134,134,169,20,50,50,50,50,50],"floor_reached":51,"campfire_rested":6,"playtime":1905,"current_hp_per_floor":[80,69,62,68,68,54,54,78,78,78,78,80,80,80,80,53,80,63,63,57,57,57,57,40,40,40,40,40,27,53,39,66,66,92,83,85,85,64,64,94,64,61,61,56,56,45,76,76,104,76],"items_purged":["Defend_R"],"gold":50,"score":776,"play_id":"f16bc91d-7c4c-41cb-8d0a-f8334dcea4d9","local_time":"20180310154843","is_prod":false,"is_daily":false,"is_ascension_mode":false,"campfire_upgraded":4,"timestamp":1520689723,"path_taken":["M","?","?","M","$","E","?","R","T","R","?","M","?","?","R","BOSS","M","?","?","?","$","R","E","R","T","?","$","M","R","?","R","BOSS","M","M","?","M","$","R","M","E","T","E","$","E","R","?","R","BOSS"],"build_version":"2018-03-09","purchased_purges":1,"victory":true,"master_deck":["Strike_R+1","Defend_R","Bash+1","Impervious","True Grit+1","Armaments+1","Inflame+1","Demon Form+1","Offering","Dark Embrace+1","Shrug It Off+1","Feed+1","Pummel","Flash of Steel","Flex+1","Limit Break+1","Double Tap","Havoc+1","Flame Barrier+1","Twin Strike+1","Limit Break+1","Sentinel+1"],"max_hp_per_floor":[80,80,80,80,80,80,80,80,80,80,80,80,80,80,80,80,80,84,84,88,88,88,88,88,88,88,88,88,88,88,92,92,92,92,92,96,96,100,100,100,100,104,104,104,104,104,104,104,104,104],"relics":["Burning Blood","Orichalcum","Bottled Lightning","Vajra","Astrolabe","Bronze Scales","Unceasing Top","Velvet Choker","Omamori","Darkstone Periapt","Toxic Egg 2","Whetstone","Art of War"],"card_choices":[{"not_picked":["Fire Breathing","Thunderclap"],"picked":"True Grit"},{"not_picked":["Searing Blow","Heavy Blade"],"picked":"Iron Wave"},{"not_picked":["Combust","Rupture"],"picked":"Demon Form"},{"not_picked":["Bludgeon","Double Tap"],"picked":"Offering"},{"not_picked":["Burning Pact","Blood for Blood"],"picked":"Pummel"},{"not_picked":["Armaments","Anger"],"picked":"Limit Break"},{"not_picked":["Demon Form","Fiend Fire"],"picked":"Double Tap"},{"not_picked":["Combust","Shockwave"],"picked":"Havoc"},{"not_picked":["True Grit","Seeing Red"],"picked":"Flame Barrier"},{"not_picked":["Flame Barrier","Dropkick"],"picked":"Twin Strike"},{"not_picked":["Shrug It Off","Wild Strike"],"picked":"Limit Break"},{"not_picked":["Headbutt","True Grit"],"picked":"Sentinel"}],"player_experience":301843,"potions_floor_usage":[50,50,50],"damage_taken":[{"damage":5.0,"enemies":"Small Slimes","floor":1.0,"turns":4.0},{"damage":0.0,"enemies":"Jaw Worm","floor":4.0,"turns":4.0},{"damage":20.0,"enemies":"3 Sentries","floor":6.0,"turns":15.0},{"damage":0.0,"enemies":"2 Louse","floor":12.0,"turns":4.0},{"damage":0.0,"enemies":"2 Fungi Beasts","floor":13.0,"turns":4.0},{"damage":5.0,"enemies":"Looter","floor":14.0,"turns":3.0},{"damage":33.0,"enemies":"Slime Boss","floor":16.0,"turns":8.0},{"damage":27.0,"enemies":"3 Byrds","floor":18.0,"turns":9.0},{"damage":16.0,"enemies":"Chosen","floor":20.0,"turns":6.0},{"damage":23.0,"enemies":"Slavers","floor":24.0,"turns":7.0},{"damage":19.0,"enemies":"Snake Plant","floor":29.0,"turns":3.0},{"damage":24.0,"enemies":"Centurion and Healer","floor":31.0,"turns":4.0},{"damage":6.0,"enemies":"Champ","floor":33.0,"turns":5.0},{"damage":15.0,"enemies":"3 Darklings","floor":35.0,"turns":3.0},{"damage":8.0,"enemies":"Orb Walker","floor":36.0,"turns":3.0},{"damage":31.0,"enemies":"4 Shapes","floor":38.0,"turns":6.0},{"damage":36.0,"enemies":"3 Darklings","floor":41.0,"turns":4.0},{"damage":13.0,"enemies":"Nemesis","floor":42.0,"turns":5.0},{"damage":11.0,"enemies":"Giant Head","floor":44.0,"turns":5.0},{"damage":17.0,"enemies":"Nemesis","floor":46.0,"turns":3.0},{"damage":34,"enemies":"Time Eater","floor":50,"turns":5}],"event_choices":[{"event_name":"World of Goop","player_choice":"Gather Gold","floor":2.0,"damage_taken":0.0},{"event_name":"Golden Wing","player_choice":"Card Removal","floor":3.0,"damage_taken":0.0},{"event_name":"Living Wall","player_choice":"Grow","floor":7.0,"damage_taken":0.0},{"event_name":"Back to Basics","player_choice":"Elegance","floor":19.0,"damage_taken":0.0},{"event_name":"Accursed Blacksmith","player_choice":"Forge","floor":21.0,"damage_taken":0.0},{"event_name":"Bonfire Elementals","player_choice":"BASIC","floor":27.0,"damage_taken":0.0},{"event_name":"Mysterious Sphere","player_choice":"Ignore","floor":48.0,"damage_taken":0.0}],"boss_relics":[],"potions_floor_spawned":[1,6,16,18,29,38,44,46],"seed_played":"-6472236986987570295","ascension_level":0,"is_trial":false}