{"path_per_floor":["M","M","?","?","?","R","M","R","T","?","M","M","M","E","R","B",null,"M","$","?","?","$","E","?","M","T","E","M","R","$","M","R","B",null,"M","?","$","?","M","M","$","?","T","M","R","M","R","E","R","B"],"character_chosen":"IRONCLAD","items_purchased":["Corruption","Ginger","Whirlwind","Flame Barrier","Flex","Tiny Chest","Medical Kit","Art of War","Warcry"],"gold_per_floor":[117,133,133,133,133,133,149,149,149,179,199,211,225,257,257,353,353,373,50,50,50,10,40,40,51,51,83,101,101,17,34,34,137,137,151,506,4,4,14,31,31,0,25,36,36,47,47,76,76,76],"floor_reached":51,"campfire_rested":0,"playtime":2433,"current_hp_per_floor":[80,80,80,80,80,80,80,80,80,80,80,80,80,79,79,52,80,80,80,80,56,56,56,56,56,56,51,58,58,58,58,58,58,60,60,60,60,60,60,60,60,60,60,60,60,53,53,69,69,57],"items_purged":[],"gold":76,"score":691,"play_id":"7819c314-31ef-4dd9-8a41-e40d5456778e","local_time":"20180306054743","is_prod":false,"is_daily":false,"is_ascension_mode":false,"campfire_upgraded":8,"timestamp":1520308063,"path_taken":["M","M","?","?","?","R","M","R","T","?","?","M","M","E","R","BOSS","M","$","?","?","$","E","?","M","T","E","M","R","?","M","R","BOSS","M","?","?","?","M","?","$","?","T","M","R","?","R","E","R","BOSS"],"build_version":"2018-03-01-PROD1","purchased_purges":0,"victory":true,"master_deck":["Defend_R","Defend_R","Defend_R","Defend_R","Bash","Flame Barrier+1","Pummel+1","Impervious","Corruption+1","Bite","Bite","Bite","Bite","Bite","Whirlwind+1","Pummel","Thunderclap+1","Fiend Fire+1","Flame Barrier+1","Flex+1","Feel No Pain+1","Seeing Red+1","Entrench","Warcry","Infernal Blade","Corruption+1","Seeing Red+1","Seeing Red+1"],"max_hp_per_floor":[80,80,80,80,80,80,80,80,80,80,80,80,80,80,80,80,80,80,80,80,56,56,56,56,56,56,56,58,58,58,58,58,60,60,60,60,60,60,60,60,60,60,60,60,60,60,60,69,69,69],"relics":["Burning Blood","Omamori","Thread and Needle","Dead Branch","Dream Catcher","Cursed Key","Ginger","Regal Pillow","Orichalcum","Bag of Marbles","Singing Bowl","Mark of Pain","Old Coin","Tiny Chest","Medical Kit","Art of War","Red Mask","Blood Vial","Strawberry"],"card_choices":[{"not_picked":["Dropkick","Warcry"],"picked":"Flame Barrier"},{"not_picked":["Fire Breathing","Uppercut"],"picked":"Pummel"},{"not_picked":["Feed","Reaper"],"picked":"Impervious"},{"not_picked":["Clothesline","Twin Strike"],"picked":"Pummel"},{"not_picked":["Sword Boomerang","Headbutt"],"picked":"Thunderclap"},{"not_picked":["Clothesline","Anger"],"picked":"Fiend Fire"},{"not_picked":["Thunderclap","Clothesline"],"picked":"Feel No Pain"},{"not_picked":["Wild Strike","True Grit"],"picked":"Seeing Red"},{"not_picked":["Uppercut","Ghostly Armor"],"picked":"Entrench"},{"not_picked":["Clash","Thunderclap"],"picked":"Infernal Blade"},{"not_picked":["Flex","Dual Wield"],"picked":"Corruption"},{"not_picked":["Metallicize","Iron Wave"],"picked":"Seeing Red"},{"not_picked":["Rampage","Sever Soul"],"picked":"Seeing Red"}],"player_experience":270797,"potions_floor_usage":[13,14,16,23,35,50],"damage_taken":[{"damage":0,"enemies":"Small Slimes","floor":1,"turns":3},{"damage":6,"enemies":"Jaw Worm","floor":2,"turns":3},{"damage":0,"enemies":"Cultist","floor":7,"turns":4},{"damage":0,"enemies":"3 Louse","floor":11,"turns":3},{"damage":0,"enemies":"Blue Slaver","floor":12,"turns":6},{"damage":0,"enemies":"Lots of Slimes","floor":13,"turns":6},{"damage":7,"enemies":"3 Sentries","floor":14,"turns":8},{"damage":33,"enemies":"Slime Boss","floor":16,"turns":12},{"damage":0,"enemies":"Chosen","floor":18,"turns":5},{"damage":10,"enemies":"Slavers","floor":23,"turns":5},{"damage":6,"enemies":"Shell Parasite","floor":25,"turns":4},{"damage":11,"enemies":"Book of Stabbing","floor":27,"turns":5},{"damage":4,"enemies":"Snake Plant","floor":28,"turns":3},{"damage":2,"enemies":"Snecko","floor":31,"turns":5},{"damage":17,"enemies":"Champ","floor":33,"turns":6},{"damage":0,"enemies":"3 Darklings","floor":35,"turns":3},{"damage":1,"enemies":"Mysterious Sphere","floor":36,"turns":4},{"damage":0,"enemies":"3 Shapes","floor":39,"turns":3},{"damage":4,"enemies":"Maw","floor":40,"turns":3},{"damage":1,"enemies":"Sphere and 2 Shapes","floor":44,"turns":3},{"damage":13,"enemies":"4 Shapes","floor":46,"turns":2},{"damage":0,"enemies":"Giant Head","floor":48,"turns":3},{"damage":18,"enemies":"Awakened One","floor":50,"turns":8}],"event_choices":[{"event_name":"Big Fish","player_choice":"Box","floor":3,"damage_taken":0},{"event_name":"The Lab","player_choice":"Got Potions","floor":4,"damage_taken":0},{"event_name":"Purifier","player_choice":"One Purge","floor":5,"damage_taken":0},{"event_name":"Dead Adventurer","player_choice":"Searched \u00273\u0027 times","floor":10,"damage_taken":0},{"event_name":"Beggar","player_choice":"Ignored","floor":20,"damage_taken":0},{"event_name":"Vampires","player_choice":"Became a vampire","floor":21,"damage_taken":0},{"event_name":"The Mausoleum","player_choice":"Yes","floor":24,"damage_taken":0},{"event_name":"Mysterious Sphere","player_choice":"Fight","floor":36,"damage_taken":0},{"event_name":"Tomb of Lord Red Mask","player_choice":"Paid","floor":42,"damage_taken":0}],"boss_relics":[{"not_picked":["Question Card","Runic Pyramid"],"picked":"Cursed Key"},{"not_picked":["Snecko Eye","White Beast Statue"],"picked":"Mark of Pain"}],"potions_floor_spawned":[7,11,12,13,25,27,35,39,48],"seed_played":"8374863696023208245","ascension_level":0,"is_trial":false}