{"path_per_floor":["M","$","M","$","M","E","M","?","T","R","M","T","M","?","R","B",null,"M","?","?","?","M","R","$","M","T","M","?","R","M","$","R","B",null,"M","?","T","?","$"],"character_chosen":"IRONCLAD","items_purchased":["Shrug It Off","Bludgeon","Bottled Tornado","Inflame","Exhume","Whetstone","Pen Nib","Inflame","True Grit"],"gold_per_floor":[115,69,86,13,29,85,101,101,101,101,118,194,210,260,260,359,359,372,372,372,287,303,303,43,56,81,94,94,94,106,67,67,169,169,185,185,485,735,101],"floor_reached":40,"campfire_rested":1,"playtime":1469,"current_hp_per_floor":[74,74,67,67,67,56,44,44,44,44,44,44,44,44,44,30,80,50,50,50,50,35,35,35,40,40,27,11,27,37,37,37,28,56,56,56,56,56,56],"items_purged":["Regret"],"gold":101,"score":435,"play_id":"5d463d30-9c4e-4cca-96b8-3ee6f22575a0","local_time":"20180312151844","is_prod":false,"is_daily":false,"is_ascension_mode":false,"campfire_upgraded":4,"timestamp":1520860724,"path_taken":["M","$","?","$","M","E","?","?","T","R","M","?","M","?","R","BOSS","M","?","?","?","M","R","$","M","T","?","?","R","?","$","R","BOSS","M","?","?","?","$","E"],"build_version":"2018-03-09","purchased_purges":2,"victory":false,"master_deck":["Defend_R+1","Defend_R+1","Defend_R+1","Defend_R+1","Corruption+1","Shrug It Off","Iron Wave","Bludgeon+1","Power Through","Dual Wield","Flex","True Grit","Feel No Pain","Barricade+1","Bite+1","Bite","Bite+1","Bite","Bite","Metallicize+1","Pummel+1","Inflame","Juggernaut","Shockwave+1","Exhume","Inflame","True Grit"],"max_hp_per_floor":[80,80,80,80,80,80,80,80,80,80,80,80,80,80,80,80,80,80,56,56,56,56,56,56,56,56,56,56,56,56,56,56,56,56,56,56,56,56,56],"relics":["White Beast Statue","Tiny Chest","Frozen Eye","Mercury Hourglass","Lizard Tail","Lantern","Bottled Tornado","Happy Flower","Nilry\u0027s Codex","Question Card","Old Coin","Whetstone","Pen Nib"],"card_choices":[{"not_picked":["Shrug It Off","Havoc"],"picked":"Corruption"},{"not_picked":["Pommel Strike","Anger"],"picked":"Iron Wave"},{"not_picked":["Clothesline","Iron Wave"],"picked":"Power Through"},{"not_picked":["Body Slam","Battle Trance"],"picked":"Dual Wield"},{"not_picked":["Entrench","Sword Boomerang"],"picked":"Flex"},{"not_picked":["Thunderclap","Flex"],"picked":"True Grit"},{"not_picked":["Pommel Strike","Pummel"],"picked":"Feel No Pain"},{"not_picked":["Exhume","Feed"],"picked":"Barricade"},{"not_picked":["Perfected Strike","Pommel Strike"],"picked":"Metallicize"},{"not_picked":["Flame Barrier","Iron Wave"],"picked":"Pummel"},{"not_picked":["Feed","Berserk"],"picked":"Juggernaut"},{"not_picked":["Anger","Thunderclap","Carnage"],"picked":"Shockwave"}],"player_experience":312547,"potions_floor_usage":[6,6,16,16,16,25,33,33,40,40],"damage_taken":[{"damage":6,"enemies":"Cultist","floor":1,"turns":3},{"damage":7,"enemies":"2 Louse","floor":3,"turns":3},{"damage":0,"enemies":"Small Slimes","floor":5,"turns":2},{"damage":11,"enemies":"Lagavulin","floor":6,"turns":6},{"damage":12,"enemies":"Blue Slaver","floor":7,"turns":2},{"damage":0,"enemies":"Large Slime","floor":11,"turns":3},{"damage":0,"enemies":"3 Louse","floor":13,"turns":3},{"damage":29,"enemies":"The Guardian","floor":16,"turns":10},{"damage":30,"enemies":"3 Byrds","floor":18,"turns":6},{"damage":23,"enemies":"Spheric Guardian","floor":22,"turns":6},{"damage":26,"enemies":"Cultist and Chosen","floor":25,"turns":10},{"damage":17,"enemies":"Snake Plant","floor":27,"turns":4},{"damage":6,"enemies":"Sentry and Sphere","floor":30,"turns":11},{"damage":50,"enemies":"Automaton","floor":33,"turns":19},{"damage":4,"enemies":"3 Shapes","floor":35,"turns":6},{"damage":86,"enemies":"2 Orb Walkers","floor":40,"turns":5}],"event_choices":[{"event_name":"Bonfire Elementals","player_choice":"BASIC","floor":8,"damage_taken":0},{"event_name":"Golden Wing","player_choice":"Gained Gold","floor":14,"damage_taken":0},{"event_name":"Vampires","player_choice":"Became a vampire","floor":19,"damage_taken":0},{"event_name":"Back to Basics","player_choice":"Simplicity","floor":20,"damage_taken":0},{"event_name":"Addict","player_choice":"Obtained Relic","floor":21,"damage_taken":0},{"event_name":"Cursed Tome","player_choice":"Obtained Book","floor":28,"damage_taken":0},{"event_name":"Golden Shrine","player_choice":"Desecrate","floor":38,"damage_taken":0}],"boss_relics":[{"not_picked":["Velvet Choker","Runic Pyramid"],"picked":"Lizard Tail"},{"not_picked":["Black Star","Runic Cube"],"picked":"Question Card"}],"potions_floor_spawned":[1,3,5,6,7,11,13,16,18,22,25,27,30,33,35],"seed_played":"4673878851102073725","killed_by":"2 Orb Walkers","ascension_level":0,"is_trial":false}