{"path_per_floor":["M","T","$","?","?","M","T","R","T","?","R","E","M","M","R","B",null,"M","?","$","M","?","E","R","E","T","M","$","?","E","M","R","B",null,"M","?","?","M","$","R","M","R","T","E","R","?","R","M","R","B"],"character_chosen":"IRONCLAD","items_purchased":["Enlightenment","Finesse"],"gold_per_floor":[118,118,43,118,293,306,306,306,306,306,306,334,352,363,363,462,462,472,672,362,382,282,308,308,342,342,359,146,61,88,108,108,203,203,219,219,219,238,88,88,99,99,146,180,180,180,180,200,200,200],"floor_reached":51,"campfire_rested":4,"playtime":1231,"current_hp_per_floor":[70,70,70,59,59,53,53,53,53,53,53,36,38,20,44,13,80,54,54,54,54,54,7,31,29,29,25,25,25,9,7,31,8,80,80,80,80,52,52,52,30,54,54,57,57,57,57,60,60,80],"items_purged":["Defend_R","Doubt","Defend_R","Strike_R"],"gold":200,"score":877,"play_id":"a77151a5-6415-4e9b-ad22-50fab693fc74","local_time":"20180403032218","is_prod":false,"is_daily":false,"is_ascension_mode":true,"campfire_upgraded":4,"timestamp":1522714938,"path_taken":["M","?","$","?","?","M","?","R","T","?","R","E","M","M","R","BOSS","M","?","$","M","?","E","R","E","T","M","$","?","E","M","R","BOSS","M","?","?","M","$","R","M","R","T","E","R","?","R","M","R","BOSS"],"build_version":"2018-03-29v2","purchased_purges":4,"victory":true,"master_deck":["Strike_R","Strike_R","Bash","Demon Form+1","Heavy Blade+1","Battle Trance","Offering","Enlightenment+1","J.A.X.+1","Limit Break+1","Thinking Ahead+1","Flex+1","Flex+1"],"max_hp_per_floor":[80,80,80,80,80,80,80,80,80,80,80,80,80,80,80,80,80,80,80,80,80,80,80,80,80,80,80,80,80,80,80,80,80,80,80,80,80,80,80,80,80,80,80,80,80,80,80,80,80,80],"relics":["Burning Blood","Bottled Tornado","Blood Vial","Bird Faced Urn","Peace Pipe","Runic Cube","Dead Branch","Thread and Needle","Unceasing Top","Toxic Egg 2","Ancient Tea Set","Runic Dome","Vajra","Juzu Bracelet"],"card_choices":[{"not_picked":["Armaments","Rupture"],"picked":"Heavy Blade","floor":1.0},{"not_picked":["Brutality","Bludgeon"],"picked":"Offering","floor":16.0},{"not_picked":["Fiend Fire","Offering"],"picked":"Limit Break","floor":33.0},{"not_picked":["Panacea","Trip"],"picked":"Thinking Ahead","floor":37.0},{"not_picked":["Twin Strike","Pommel Strike"],"picked":"Flex","floor":38.0},{"not_picked":["Combust","Sword Boomerang"],"picked":"Flex","floor":44.0}],"player_experience":362625,"potions_floor_usage":[50,50],"damage_taken":[{"damage":16.0,"enemies":"Cultist","floor":1.0,"turns":4.0},{"damage":12.0,"enemies":"Jaw Worm","floor":6.0,"turns":3.0},{"damage":27.0,"enemies":"3 Sentries","floor":12.0,"turns":6.0},{"damage":6.0,"enemies":"2 Louse","floor":13.0,"turns":2.0},{"damage":28.0,"enemies":"Red Slaver","floor":14.0,"turns":4.0},{"damage":41.0,"enemies":"Hexaghost","floor":16.0,"turns":5.0},{"damage":32.0,"enemies":"Shell Parasite","floor":18.0,"turns":3.0},{"damage":10.0,"enemies":"3 Byrds","floor":21.0,"turns":3.0},{"damage":57.0,"enemies":"Gremlin Leader","floor":23.0,"turns":3.0},{"damage":34.0,"enemies":"Slavers","floor":25.0,"turns":3.0},{"damage":14.0,"enemies":"3 Cultists","floor":27.0,"turns":3.0},{"damage":26.0,"enemies":"Gremlin Leader","floor":30.0,"turns":3.0},{"damage":12.0,"enemies":"Snake Plant","floor":31.0,"turns":2.0},{"damage":33.0,"enemies":"Automaton","floor":33.0,"turns":5.0},{"damage":7.0,"enemies":"Orb Walker","floor":35.0,"turns":2.0},{"damage":36.0,"enemies":"3 Darklings","floor":38.0,"turns":3.0},{"damage":32.0,"enemies":"Maw","floor":41.0,"turns":3.0},{"damage":7.0,"enemies":"Nemesis","floor":44.0,"turns":1.0},{"damage":7,"enemies":"Sphere and 2 Shapes","floor":48,"turns":1},{"damage":24,"enemies":"Awakened One","floor":50,"turns":3}],"event_choices":[{"event_name":"World of Goop","player_choice":"Gather Gold","floor":4.0,"damage_taken":0.0},{"event_name":"Liars Game","player_choice":"agreed","floor":5.0,"damage_taken":0.0},{"event_name":"Transmorgrifier","player_choice":"Transform","floor":10.0,"damage_taken":0.0},{"event_name":"Wheel of Change","player_choice":"Gold","floor":19.0,"damage_taken":0.0},{"event_name":"Drug Dealer","player_choice":"Got JAXXED","floor":22.0,"damage_taken":0.0},{"event_name":"Addict","player_choice":"Obtained Relic","floor":29.0,"damage_taken":0.0},{"event_name":"SensoryStone","player_choice":"Memory 1","floor":37.0,"damage_taken":0.0},{"event_name":"Mysterious Sphere","player_choice":"Ignore","floor":46,"damage_taken":0}],"boss_relics":[],"potions_floor_spawned":[12,21,25,31,33,38,44],"seed_played":"-1816303698451845745","ascension_level":2,"is_trial":false}