{"path_per_floor":["M","?","?","M","$","E","R","M","T","M","R","?","R","$","R","B",null,"M","?","$","M","?","R","M","$","T","R","$","M","R","M","R"],"character_chosen":"IRONCLAD","items_purchased":["Lee\u0027s Waffle","Dropkick"],"gold_per_floor":[116,116,291,311,41,71,71,86,109,127,127,127,127,56,56,158,158,158,158,58,58,58,58,58,58,58,58,58,58,58,58,58,58],"floor_reached":33,"campfire_rested":2,"playtime":660,"current_hp_per_floor":[68,61,61,48,79,49,49,47,47,41,41,41,41,41,64,33,68,62,62,62,68,68,68,51,51,51,51,51,45,45,40,63,0],"items_purged":["Doubt","Defend_R"],"gold":58,"score":328,"play_id":"05d4bada-8423-4131-bd82-445a8f4bebfe","local_time":"20180420014450","is_prod":false,"is_daily":false,"chose_seed":false,"is_ascension_mode":true,"campfire_upgraded":6,"timestamp":1524177890,"path_taken":["M","?","?","?","$","E","R","M","T","M","R","?","R","$","R","BOSS","M","?","$","?","?","R","M","$","T","R","?","M","R","?","R","BOSS"],"build_version":"2018-04-12","seed_source_timestamp":27061609299067,"purchased_purges":2,"victory":false,"master_deck":["Strike_R","Strike_R","Strike_R","Strike_R","Bash+1","Spot Weakness+1","Battle Trance+1","Flex+1","Clash+1","Pummel+1","Dropkick+1","Exhume+1","Seeing Red+1","Pommel Strike+1","Offering"],"max_hp_per_floor":[72,72,72,72,79,79,79,79,79,79,79,79,79,79,79,79,79,79,79,79,79,79,79,79,79,79,79,79,79,79,79,79,79],"relics":["Burning Blood","Lee\u0027s Waffle","Molten Egg 2","Vajra","Ectoplasm","Lantern"],"card_choices":[{"not_picked":["Warcry","Pommel Strike"],"picked":"Spot Weakness","floor":1},{"not_picked":["Hemokinesis","Spot Weakness"],"picked":"Battle Trance","floor":4},{"not_picked":["Armaments","Clothesline"],"picked":"Flex","floor":6},{"not_picked":["Hemokinesis","Warcry"],"picked":"Clash","floor":8},{"not_picked":["Perfected Strike","Ghostly Armor"],"picked":"Pummel","floor":10},{"not_picked":["Demon Form","Immolate"],"picked":"Exhume","floor":16},{"not_picked":["Sword Boomerang","Intimidate"],"picked":"Seeing Red","floor":18},{"not_picked":["Shrug It Off","Thunderclap"],"picked":"Pommel Strike","floor":24},{"not_picked":["Flex","Iron Wave"],"picked":"Offering","floor":31}],"player_experience":386081,"potions_floor_usage":[16,16,33,33],"damage_taken":[{"damage":10,"enemies":"2 Louse","floor":1,"turns":3},{"damage":19,"enemies":"Jaw Worm","floor":4,"turns":3},{"damage":36,"enemies":"Gremlin Nob","floor":6,"turns":4},{"damage":8,"enemies":"Small Slimes","floor":8,"turns":2},{"damage":12,"enemies":"Exordium Wildlife","floor":10,"turns":3},{"damage":37,"enemies":"Hexaghost","floor":16,"turns":4},{"damage":12,"enemies":"Shell Parasite","floor":18,"turns":2},{"damage":0,"enemies":"Spheric Guardian","floor":21,"turns":1},{"damage":23,"enemies":"Centurion and Healer","floor":24,"turns":3},{"damage":12,"enemies":"Slaver and Parasite","floor":29,"turns":2},{"damage":11,"enemies":"Sentry and Sphere","floor":31,"turns":3},{"damage":89,"enemies":"Champ","floor":33,"turns":5}],"event_choices":[{"event_name":"Golden Wing","player_choice":"Card Removal","floor":2,"damage_taken":0},{"event_name":"Liars Game","player_choice":"agreed","floor":3,"damage_taken":0},{"event_name":"Match and Keep!","player_choice":"0 cards matched","floor":12,"damage_taken":0},{"event_name":"Ghosts","player_choice":"Ignored","floor":19,"damage_taken":0},{"event_name":"Back to Basics","player_choice":"Elegance","floor":22,"damage_taken":0}],"boss_relics":[{"not_picked":["Calling Bell","Astrolabe"],"picked":"Ectoplasm"}],"potions_floor_spawned":[1,8,10,18,21,29],"seed_played":"2645534298142195532","killed_by":"Champ","ascension_level":7,"is_trial":false}