{"path_per_floor":["M","$","?","?","?","E","R","E","T","M","M","M","M","M","R","B",null,"M","?","M","M","M","R","?","R","T","R","?","E","$","E","R","B",null,"M","?","M","$","M","?","R","M","T","R","E","?","$","M","R","B"],"character_chosen":"IRONCLAD","items_purchased":["Flex","Clash","Ancient Tea Set","Whetstone"],"gold_per_floor":[118,19,119,119,119,151,151,183,183,203,214,232,243,263,263,360,360,374,289,303,321,336,336,261,261,261,261,261,291,112,144,144,248,248,259,259,274,194,212,266,266,279,279,279,311,311,86,103,103,103],"floor_reached":51,"campfire_rested":0,"playtime":1111,"current_hp_per_floor":[78,78,78,71,71,77,77,80,80,79,80,80,80,80,80,36,69,74,74,66,77,79,79,79,79,79,79,79,56,56,74,74,45,71,68,68,74,74,77,80,80,80,80,80,80,80,80,80,80,80],"items_purged":["Strike_R","Headbutt","Strike_R"],"gold":103,"score":1054,"play_id":"e373d03c-0043-4bd0-8e2b-5c63c11c9b38","local_time":"20180420024546","is_prod":false,"is_daily":false,"chose_seed":false,"is_ascension_mode":true,"campfire_upgraded":6,"timestamp":1524181546,"path_taken":["M","$","?","?","?","E","R","E","T","M","M","?","M","M","R","BOSS","M","?","M","M","M","R","?","R","T","R","?","E","$","E","R","BOSS","M","?","M","$","M","?","R","?","T","R","E","?","$","M","R","BOSS"],"build_version":"2018-04-12","seed_source_timestamp":30259802741415,"purchased_purges":3,"victory":true,"master_deck":["Bash+1","Clash+1","Flex+1","Clash+1","Clash","Flex+1","Reaper+1","Clash","Spot Weakness+1","Flex+1","Thunderclap+1","Clash","Shockwave+1","Limit Break+1","Pommel Strike","Panacea+1"],"max_hp_per_floor":[80,80,80,80,80,80,80,80,80,80,80,80,80,80,80,80,80,80,80,80,80,80,80,80,80,80,80,80,80,80,80,80,80,80,80,80,80,80,80,80,80,80,80,80,80,80,80,80,80,80],"relics":["Burning Blood","NeowsBlessing","Centennial Puzzle","The Courier","Toolbox","Sozu","Toxic Egg 2","Self Forming Clay","Vajra","Ancient Tea Set","Bronze Scales","Astrolabe","Girya","Gremlin Horn","Bag of Marbles","Whetstone"],"card_choices":[{"not_picked":["Twin Strike","Pommel Strike"],"picked":"Clash","floor":1},{"not_picked":["Sword Boomerang","Cleave"],"picked":"Clash","floor":6},{"not_picked":["Havoc","Feel No Pain"],"picked":"Flex","floor":8},{"not_picked":["Searing Blow","Warcry"],"picked":"Reaper","floor":11},{"not_picked":["Warcry","Perfected Strike"],"picked":"Clash","floor":13},{"not_picked":["Warcry","Clash"],"picked":"Spot Weakness","floor":14},{"not_picked":["Clothesline","Thunderclap"],"picked":"Flex","floor":18},{"not_picked":["Warcry","Clash"],"picked":"Thunderclap","floor":21},{"not_picked":["Feel No Pain","Flame Barrier"],"picked":"Clash","floor":29},{"not_picked":["Warcry","Clash"],"picked":"Pommel Strike","floor":35},{"not_picked":["Mind Blast","Dark Shackles"],"picked":"Panacea","floor":46}],"player_experience":387279,"potions_floor_usage":[14,22,50],"damage_taken":[{"damage":0,"enemies":"Cultist","floor":1,"turns":1},{"damage":0,"enemies":"3 Sentries","floor":6,"turns":1},{"damage":0,"enemies":"Lagavulin","floor":8,"turns":1},{"damage":7,"enemies":"Small Slimes","floor":10,"turns":2},{"damage":0,"enemies":"2 Louse","floor":11,"turns":1},{"damage":0,"enemies":"Looter","floor":12,"turns":1},{"damage":0,"enemies":"Large Slime","floor":13,"turns":3},{"damage":5,"enemies":"Gremlin Gang","floor":14,"turns":3},{"damage":50,"enemies":"The Guardian","floor":16,"turns":8},{"damage":1,"enemies":"3 Byrds","floor":18,"turns":4},{"damage":14,"enemies":"Shell Parasite","floor":20,"turns":2},{"damage":9,"enemies":"Centurion and Healer","floor":21,"turns":4},{"damage":22,"enemies":"Slaver and Parasite","floor":22,"turns":3},{"damage":30,"enemies":"Gremlin Leader","floor":29,"turns":3},{"damage":20,"enemies":"Slavers","floor":31,"turns":2},{"damage":35,"enemies":"Collector","floor":33,"turns":3},{"damage":13,"enemies":"3 Darklings","floor":35,"turns":2},{"damage":0,"enemies":"3 Shapes","floor":37,"turns":1},{"damage":9,"enemies":"3 Darklings","floor":39,"turns":2},{"damage":30,"enemies":"Mysterious Sphere","floor":40,"turns":3},{"damage":6,"enemies":"Sphere and 2 Shapes","floor":42,"turns":1},{"damage":30,"enemies":"Nemesis","floor":45,"turns":3},{"damage":43,"enemies":"4 Shapes","floor":48,"turns":2},{"damage":18,"enemies":"Donu and Deca","floor":50,"turns":3}],"event_choices":[{"event_name":"Golden Shrine","player_choice":"Pray","floor":3,"damage_taken":0},{"event_name":"Golden Wing","player_choice":"Card Removal","floor":4,"damage_taken":0},{"event_name":"Purifier","player_choice":"One Purge","floor":5,"damage_taken":0},{"event_name":"Addict","player_choice":"Obtained Relic","floor":19,"damage_taken":0},{"event_name":"Beggar","player_choice":"Gave Gold","floor":24,"damage_taken":0},{"event_name":"Back to Basics","player_choice":"Elegance","floor":28,"damage_taken":0},{"event_name":"Tomb of Lord Red Mask","player_choice":"Ignored","floor":36,"damage_taken":0},{"event_name":"Mysterious Sphere","player_choice":"Fight","floor":40,"damage_taken":0},{"event_name":"SensoryStone","player_choice":"Memory 1","floor":46,"damage_taken":0}],"boss_relics":[{"not_picked":["Orrery","White Beast Statue"],"picked":"Sozu"},{"not_picked":["Pandora\u0027s Box","Mark of Pain"],"picked":"Astrolabe"}],"potions_floor_spawned":[8,11,12,16,33,37,40],"seed_played":"-2054852697241833932","ascension_level":7,"is_trial":false}