{"path_per_floor":["M","?","?","M","?","?","R","E","T","E","M","M","R","M","R","B",null,"M","$","M","M","?","R","E","R","T","M","R","M","?","$","R","B",null,"M","?","$","$","M","R","M","R","T","M","?","M","R","?","R","B"],"character_chosen":"THE_SILENT","items_purchased":["Vajra"],"gold_per_floor":[114,114,114,125,75,75,75,110,110,136,154,174,174,192,192,291,291,306,231,250,260,260,260,292,292,322,334,334,353,268,18,18,116,116,136,136,11,11,26,26,44,44,93,107,107,119,119,0,0,0],"floor_reached":51,"campfire_rested":2,"playtime":3486,"current_hp_per_floor":[68,68,73,73,73,73,73,55,55,39,39,39,39,37,37,16,75,66,66,61,58,58,58,22,44,44,39,39,22,22,22,44,8,75,75,75,75,75,75,75,74,74,74,74,74,71,71,71,71,41],"items_purged":["Blade Dance","Strike_G","Strike_G"],"gold":0,"play_id":"eb5d3580-0c7a-47f5-ab7d-5c379bdfe3c9","is_prod":false,"is_daily":false,"campfire_rituals":0,"campfire_upgraded":9,"is_hardmode":false,"path_taken":["M","?","?","M","?","?","R","E","T","E","?","M","R","M","R","BOSS","M","$","M","M","?","R","E","R","T","?","R","M","?","$","R","BOSS","M","?","?","$","M","R","M","R","T","M","?","M","R","?","R","BOSS"],"build_version":"2018-01-18-PROD4","purchased_purges":3,"victory":true,"master_deck":["Defend_G","Defend_G","Defend_G","Defend_G","Defend_G","Strike_G","Survivor","Neutralize","Quick Slash","Flying Knee","Riddle With Holes","Noxious Fumes","Glass Knife","Acrobatics","Noxious Fumes","Dash"],"max_hp_per_floor":[70,70,75,75,75,75,75,75,75,75,75,75,75,75,75,75,75,75,75,75,75,75,75,75,75,75,75,75,75,75,75,75,75,75,75,75,75,75,75,75,75,75,75,75,75,75,75,75,75,75],"relics":["Ring of the Snake","Bag of Marbles","Frozen Eye","Dodecahedron","Velvet Choker","Omamori","Tiny Chest","Bag of Preparation","Vajra","Sozu","Orichalcum","Prayer Wheel","Red Mask"],"campfire_meditates":0,"card_choices":[{"not_picked":["Acrobatics","Endless Agony"],"picked":"Quick Slash"},{"not_picked":["Outmaneuver","Wraith Form"],"picked":"Flying Knee"},{"not_picked":["Bouncing Flask","Underhanded Strike"],"picked":"Blade Dance"},{"not_picked":["Flying Knee","Outmaneuver"],"picked":"Noxious Fumes"},{"not_picked":["Bullet Time","Wraith Form"],"picked":"Glass Knife"},{"not_picked":["Slice","Flying Knee"],"picked":"Acrobatics"},{"not_picked":["Prepared","Dodge and Roll"],"picked":"Noxious Fumes"},{"not_picked":["Masterful Stab","Blur"],"picked":"Dash"}],"player_experience":444818,"potions_floor_usage":[24,29,33],"damage_taken":[{"damage":2,"enemies":"Small Slimes","floor":1,"turns":5},{"damage":0,"enemies":"Jaw Worm","floor":4,"turns":5},{"damage":18,"enemies":"Lagavulin","floor":8,"turns":7},{"damage":16,"enemies":"Gremlin Nob","floor":10,"turns":4},{"damage":0,"enemies":"Blue Slaver","floor":11,"turns":3},{"damage":0,"enemies":"3 Louse","floor":12,"turns":2},{"damage":2,"enemies":"Large Slime","floor":14,"turns":5},{"damage":21,"enemies":"The Guardian","floor":16,"turns":11},{"damage":9,"enemies":"2 Thieves","floor":18,"turns":3},{"damage":5,"enemies":"3 Byrds","floor":20,"turns":4},{"damage":3,"enemies":"Snecko","floor":21,"turns":4},{"damage":36,"enemies":"Slavers","floor":24,"turns":8},{"damage":5,"enemies":"3 Cultists","floor":27,"turns":6},{"damage":17,"enemies":"Sentry and Sphere","floor":29,"turns":7},{"damage":36,"enemies":"Automaton","floor":33,"turns":8},{"damage":0,"enemies":"Orb Walker","floor":35,"turns":1},{"damage":0,"enemies":"3 Darklings","floor":39,"turns":3},{"damage":1,"enemies":"4 Shapes","floor":41,"turns":4},{"damage":0,"enemies":"Sphere and 2 Shapes","floor":44,"turns":3},{"damage":3,"enemies":"Maw","floor":46,"turns":7},{"damage":30,"enemies":"Awakened One","floor":50,"turns":15}],"event_choices":[{"event_name":"Liars Game","player_choice":"disagreed","floor":2,"damage_taken":0},{"event_name":"Big Fish","player_choice":"Donut","floor":3,"damage_taken":0},{"event_name":"The Cleric","player_choice":"Card Removal","floor":5,"damage_taken":0},{"event_name":"Transmorgrifier","player_choice":"Transform","floor":6,"damage_taken":0},{"event_name":"Drug Dealer","player_choice":"Ignored","floor":22,"damage_taken":0},{"event_name":"Addict","player_choice":"Obtained Relic","floor":30,"damage_taken":0},{"event_name":"Mysterious Sphere","player_choice":"Ignore","floor":36,"damage_taken":0},{"event_name":"Accursed Blacksmith","player_choice":"Rummage","floor":45,"damage_taken":0},{"event_name":"Tomb of Lord Red Mask","player_choice":"Paid","floor":48,"damage_taken":0}],"boss_relics":[{"not_picked":["Eternal Feather","Tiny House"],"picked":"Velvet Choker"},{"not_picked":["Orrery","Question Card"],"picked":"Sozu"}],"potions_floor_spawned":[8,11,12,24,27,39,41],"seed_played":"-7635502636866186077","is_trial":false}