{"path_per_floor":["M","M","?","?","M","R","E","R","T","M","M","M","R","M","R"],"character_chosen":"THE_SILENT","items_purchased":[],"gold_per_floor":[116,135,135,135,147,147,178,178,178,189,199,219,219,239,239],"floor_reached":16,"campfire_rested":0,"playtime":1551,"current_hp_per_floor":[77,77,70,75,70,70,66,66,66,61,46,46,46,46,46],"items_purged":[],"gold":239,"play_id":"f9d5bd51-3d80-4650-8aff-0760fa7bd418","is_prod":false,"is_daily":false,"campfire_rituals":0,"campfire_upgraded":4,"is_hardmode":false,"path_taken":["M","M","?","?","M","R","E","R","T","M","?","M","R","M","R","BOSS"],"build_version":"2018-01-18-PROD4","purchased_purges":0,"victory":false,"master_deck":["Defend_G","Defend_G","Defend_G","Defend_G","Defend_G","Strike_G","Strike_G","Strike_G","Strike_G","Strike_G","Survivor","Neutralize","Footwork","Flying Knee","After Image","Deflect","Terror","Acrobatics","Flying Knee","Backflip"],"max_hp_per_floor":[77,77,77,82,82,82,82,82,82,82,82,82,82,82,82],"relics":["Ring of the Snake","Strawberry","Lantern","Art of War","The Courier"],"campfire_meditates":0,"card_choices":[{"not_picked":["Dagger Throw","Outmaneuver"],"picked":"Footwork"},{"not_picked":["Deadly Poison","Masterful Stab"],"picked":"Flying Knee"},{"not_picked":["PiercingWail","Flying Knee"],"picked":"After Image"},{"not_picked":["Dagger Spray","Dagger Throw"],"picked":"Deflect"},{"not_picked":["Escape Plan","Bane"],"picked":"Terror"},{"not_picked":["Concentrate","Calculated Gamble"],"picked":"Acrobatics"},{"not_picked":["Dagger Throw","Envenom"],"picked":"Flying Knee"},{"not_picked":["Prepared","Acrobatics"],"picked":"Backflip"}],"player_experience":429228,"potions_floor_usage":[7,11,16],"damage_taken":[{"damage":0,"enemies":"2 Louse","floor":1,"turns":2},{"damage":0,"enemies":"Cultist","floor":2,"turns":5},{"damage":5,"enemies":"Blue Slaver","floor":5,"turns":6},{"damage":4,"enemies":"3 Sentries","floor":7,"turns":12},{"damage":5,"enemies":"Gremlin Gang","floor":10,"turns":7},{"damage":15,"enemies":"Exordium Thugs","floor":11,"turns":8},{"damage":0,"enemies":"Lots of Slimes","floor":12,"turns":6},{"damage":0,"enemies":"Red Slaver","floor":14,"turns":4},{"damage":48,"enemies":"Slime Boss","floor":16,"turns":22}],"event_choices":[{"event_name":"Scrap Ooze","player_choice":"success","floor":3,"damage_taken":7},{"event_name":"Big Fish","player_choice":"Donut","floor":4,"damage_taken":0}],"boss_relics":[],"potions_floor_spawned":[2,10,14],"seed_played":"1135063450967542226","killed_by":"Slime Boss","is_trial":false}