{"path_per_floor":["M","?","M","M","$","R","?","M","T","$","R","M","T","?","R","B",null,"M","M","M","M","?","R","E","?","T","$","M","M","R","?","R","B",null,"M","?","?","M","?","M","R","T","T","M","$","R","?","M","R","B"],"character_chosen":"THE_SILENT","items_purchased":["Happy Flower","Footwork","Vajra"],"gold_per_floor":[114,214,224,244,15,15,90,103,130,30,30,48,72,72,72,176,176,194,207,219,238,238,238,266,266,266,63,82,98,98,23,23,124,124,141,141,141,159,159,177,177,207,207,221,71,71,0,14,14,14],"floor_reached":51,"campfire_rested":0,"playtime":6028,"current_hp_per_floor":[70,70,70,70,70,70,59,59,59,59,59,56,56,49,49,48,70,70,62,49,49,49,49,49,40,40,40,54,54,54,54,54,54,54,52,42,42,48,48,54,54,54,54,54,54,54,54,54,54,54],"items_purged":["Strike_G","Defend_G","Defend_G"],"gold":14,"play_id":"2763122c-0006-4438-9b76-e659924129c2","is_prod":false,"is_daily":false,"campfire_rituals":0,"campfire_upgraded":9,"is_hardmode":false,"path_taken":["M","?","?","M","$","R","?","M","T","?","R","M","?","?","R","BOSS","M","?","M","M","?","R","E","?","T","$","M","?","R","?","R","BOSS","M","?","?","M","?","M","R","?","T","M","?","R","?","M","R","BOSS"],"build_version":"2018-01-11-PROD2","purchased_purges":4,"victory":true,"master_deck":["Defend_G","Defend_G","Survivor","Neutralize","Predator","Leg Sweep","Tools of the Trade","Burst","Backflip","Bite_G","Bite_G","Bite_G","Footwork","Adrenaline","Noxious Fumes","Madness","Madness","Madness","Dash"],"max_hp_per_floor":[70,70,70,70,70,70,70,70,70,70,70,70,70,70,70,70,70,70,70,70,70,49,49,49,54,54,54,54,54,54,54,54,54,54,54,54,54,54,54,54,54,54,54,54,54,54,54,54,54,54],"relics":["Ring of the Snake","Toxic Egg","Happy Flower","War Paint","Ancient Tea Set","Sozu","Art of War","Calipers","Lizard Tail","Tiny Chest","Mercury Hourglass","Vajra","Red Mask"],"campfire_meditates":0,"card_choices":[{"not_picked":["Unload","Skewer"],"picked":"Predator"},{"not_picked":["Prepared","Bane"],"picked":"Leg Sweep"},{"not_picked":["Unload","Corpse Explosion"],"picked":"Tools of the Trade"},{"not_picked":["Quick Slash","Eviscerate"],"picked":"Burst"},{"not_picked":["Quick Slash","Dash"],"picked":"Backflip"},{"not_picked":["Storm of Steel","A Thousand Cuts"],"picked":"Adrenaline"},{"not_picked":["Prepared","Quick Slash"],"picked":"Noxious Fumes"},{"not_picked":["Dagger Spray","Backflip"],"picked":"Dash"}],"player_experience":116187,"potions_floor_usage":[16],"damage_taken":[{"damage":0,"enemies":"Small Slimes","floor":1,"turns":5},{"damage":0,"enemies":"Blue Slaver","floor":3,"turns":4},{"damage":0,"enemies":"2 Louse","floor":4,"turns":2},{"damage":0,"enemies":"2 Fungi Beasts","floor":8,"turns":3},{"damage":3,"enemies":"Exordium Wildlife","floor":12,"turns":4},{"damage":1,"enemies":"Slime Boss","floor":16,"turns":8},{"damage":0,"enemies":"3 Byrds","floor":18,"turns":6},{"damage":8,"enemies":"2 Thieves","floor":19,"turns":4},{"damage":13,"enemies":"Chosen and Byrds","floor":20,"turns":8},{"damage":0,"enemies":"Snecko","floor":21,"turns":7},{"damage":11,"enemies":"Slavers","floor":24,"turns":12},{"damage":1,"enemies":"Snake Plant","floor":28,"turns":6},{"damage":0,"enemies":"Centurion and Healer","floor":29,"turns":8},{"damage":58,"enemies":"Collector","floor":33,"turns":35},{"damage":2,"enemies":"3 Shapes","floor":35,"turns":5},{"damage":0,"enemies":"3 Darklings","floor":38,"turns":5},{"damage":0,"enemies":"Maw","floor":40,"turns":9},{"damage":0,"enemies":"4 Shapes","floor":44,"turns":4},{"damage":0,"enemies":"Sphere and 2 Shapes","floor":48,"turns":6},{"damage":1,"enemies":"Time Eater","floor":50,"turns":14}],"event_choices":[{"event_name":"Golden Shrine","player_choice":"Pray","floor":2,"damage_taken":0},{"event_name":"World of Goop","player_choice":"Gather Gold","floor":7,"damage_taken":0},{"event_name":"Golden Wing","player_choice":"Card Removal","floor":14,"damage_taken":0},{"event_name":"Vampires","player_choice":"Became a vampire","floor":22,"damage_taken":0},{"event_name":"Forgotten Altar","player_choice":"Shed Blood","floor":25,"damage_taken":0},{"event_name":"Beggar","player_choice":"Gave Gold","floor":31,"damage_taken":0},{"event_name":"Winding Halls","player_choice":"Embrace Madness","floor":36,"damage_taken":0},{"event_name":"Duplicator","player_choice":"One dupe","floor":39,"damage_taken":0},{"event_name":"Tomb of Lord Red Mask","player_choice":"Paid","floor":47,"damage_taken":0}],"boss_relics":[{"not_picked":["Question Card","Black Star"],"picked":"Sozu"},{"not_picked":["Orrery","The Specimen"],"picked":"Lizard Tail"}],"potions_floor_spawned":[1,3,4,16,20,21,29,33,35,44,48],"seed_played":"-618433005202517850","is_trial":false}