{"path_per_floor":["M","M","M","?","M","E","R","?","T","?","R","M","M","M","R","B",null,"M","?","$","M","?","R","M","?","T","R","M","?","M","M","R"],"character_chosen":"THE_SILENT","items_purchased":["Mummified Hand"],"gold_per_floor":[111,125,142,142,156,190,190,190,213,213,213,237,257,272,272,400,400,414,414,93,107,107,107,131,46,71,71,84,84,100,119,119],"floor_reached":33,"campfire_rested":1,"playtime":2284,"current_hp_per_floor":[69,65,65,48,41,20,41,41,41,34,34,32,32,32,32,22,70,70,70,70,70,70,70,70,70,70,70,69,69,69,55,55],"items_purged":["Strike_G"],"gold":119,"play_id":"c134d123-6cce-43a5-8862-daf6b4413832","is_prod":false,"is_daily":false,"is_ascension_mode":false,"campfire_upgraded":5,"path_taken":["M","M","M","?","M","E","R","?","T","?","R","?","M","M","R","BOSS","M","?","$","M","?","R","M","?","T","R","M","?","M","M","R","BOSS"],"build_version":"2018-01-25-PROD3","purchased_purges":1,"victory":false,"master_deck":["Defend_G","Defend_G","Defend_G","Defend_G","Defend_G","Strike_G","Strike_G","Strike_G","Survivor+1","Neutralize+1","Burst+1","Deadly Poison+1","Flying Knee","Escape Plan","Footwork+1","Bane+1","Dash+1","Blur","Footwork+1","Bane+1","Bouncing Flask+1","Deflect"],"max_hp_per_floor":[70,70,70,70,70,70,70,70,70,70,70,70,70,70,70,70,70,70,70,70,70,70,70,70,70,70,70,70,70,70,70,70],"relics":["Ring of the Snake","Golden Idol","Prayer Wheel","War Paint","The Specimen","Mummified Hand","Shuriken","Oddly Smooth Stone"],"card_choices":[{"not_picked":["Slice","Calculated Gamble"],"picked":"Deadly Poison"},{"not_picked":["Dagger Throw","Dodge and Roll"],"picked":"Flying Knee"},{"not_picked":["Caltrops","Quick Slash"],"picked":"Escape Plan"},{"not_picked":["Prepared","Poisoned Stab"],"picked":"Footwork"},{"not_picked":["Dagger Spray","Setup"],"picked":"Bane"},{"not_picked":["Dodge and Roll","Die Die Die"],"picked":"Dash"},{"not_picked":["Heel Hook","Choke"],"picked":"Blur"},{"not_picked":["Dagger Spray","Concentrate"],"picked":"Bane"},{"not_picked":["Underhanded Strike","Acrobatics"],"picked":"Bouncing Flask"},{"not_picked":["Dagger Throw","Backstab"],"picked":"Deflect"}],"player_experience":652019,"potions_floor_usage":[6,28,30,31],"damage_taken":[{"damage":1,"enemies":"2 Louse","floor":1,"turns":3},{"damage":4,"enemies":"Cultist","floor":2,"turns":5},{"damage":0,"enemies":"Small Slimes","floor":3,"turns":3},{"damage":7,"enemies":"Gremlin Gang","floor":5,"turns":7},{"damage":21,"enemies":"Lagavulin","floor":6,"turns":8},{"damage":2,"enemies":"Looter","floor":12,"turns":3},{"damage":0,"enemies":"3 Louse","floor":13,"turns":4},{"damage":0,"enemies":"Exordium Wildlife","floor":14,"turns":4},{"damage":10,"enemies":"The Guardian","floor":16,"turns":11},{"damage":0,"enemies":"Shell Parasite","floor":18,"turns":6},{"damage":0,"enemies":"3 Byrds","floor":21,"turns":8},{"damage":0,"enemies":"Snake Plant","floor":24,"turns":8},{"damage":1,"enemies":"3 Cultists","floor":28,"turns":7},{"damage":0,"enemies":"Centurion and Healer","floor":30,"turns":7},{"damage":14,"enemies":"Slaver and Parasite","floor":31,"turns":6},{"damage":56,"enemies":"Automaton","floor":33,"turns":10}],"event_choices":[{"event_name":"Golden Idol","player_choice":"Take Damage","floor":4,"damage_taken":0},{"event_name":"Match and Keep!","player_choice":"0 cards matched","floor":8,"damage_taken":0},{"event_name":"Golden Wing","player_choice":"Card Removal","floor":10,"damage_taken":0},{"event_name":"Duplicator","player_choice":"One dupe","floor":19,"damage_taken":0},{"event_name":"Drug Dealer","player_choice":"Ignored","floor":22,"damage_taken":0},{"event_name":"Addict","player_choice":"Obtained Relic","floor":25,"damage_taken":0},{"event_name":"The Mausoleum","player_choice":"No","floor":29,"damage_taken":0}],"boss_relics":[{"not_picked":["Eternal Feather","Runic Pyramid"],"picked":"The Specimen"}],"potions_floor_spawned":[2,3,12,14,16,21,24],"seed_played":"4263608254807706443","killed_by":"Automaton","ascension_level":0,"is_trial":false}