{"path_per_floor":["M","?","M","?","M","R","M","R","T","R","M","?","E","$","R","B",null,"M","$","M","T","M","R","M","M","T","M","M","E","R","M","R","B",null,"M","?","M","M","M","R","M","R","T","M","M","R","$","M","R","B"],"character_chosen":"THE_SILENT","items_purchased":["Well Laid Plans","Deflect","Backflip","Master of Strategy","Ornamental Fan"],"gold_per_floor":[116,116,128,203,221,221,237,237,237,237,256,256,286,211,211,309,339,355,123,143,166,182,182,193,206,206,226,243,277,277,297,297,400,400,416,462,476,494,505,505,522,522,571,584,600,600,37,55,55,55],"floor_reached":51,"campfire_rested":1,"playtime":4666,"current_hp_per_floor":[70,63,63,52,52,52,45,45,45,45,33,33,34,34,34,22,75,66,66,68,68,67,67,65,61,61,60,61,52,52,54,54,26,75,74,56,58,59,61,61,63,63,63,65,64,64,64,66,75,72],"items_purged":["Strike_G","Strike_G","Strike_G"],"gold":55,"play_id":"ac5fe018-5af7-4465-ba0d-bae2f952470f","is_prod":false,"is_daily":false,"is_ascension_mode":false,"campfire_upgraded":10,"path_taken":["M","?","M","?","M","R","M","R","T","R","?","?","E","$","R","BOSS","M","$","?","?","M","R","M","M","T","?","M","E","R","M","R","BOSS","M","?","M","M","M","R","M","R","T","M","M","R","$","M","R","BOSS"],"build_version":"2018-01-25-PROD3","purchased_purges":3,"victory":true,"master_deck":["Defend_G","Defend_G","Defend_G","Defend_G","Defend_G","Survivor+1","Neutralize+1","Noxious Fumes+1","Predator+1","Leg Sweep+1","Terror+1","Noxious Fumes+1","Well Laid Plans+1","Deflect+1","Backflip+1","Escape Plan+1","Noxious Fumes","Backflip+1","Master of Strategy"],"max_hp_per_floor":[70,70,70,70,70,70,70,70,70,70,70,70,70,70,70,70,75,75,75,75,75,75,75,75,75,75,75,75,75,75,75,75,75,75,75,75,75,75,75,75,75,75,75,75,75,75,75,75,75,75],"relics":["Ring of the Snake","Shuriken","Blood Vial","Tiny House","Snake Skull","Ninja Scroll","Letter Opener","Sozu","Gambling Chip","Happy Flower","Ornamental Fan"],"card_choices":[{"not_picked":["Prepared","Dagger Spray"],"picked":"Noxious Fumes"},{"not_picked":["Poisoned Stab","Slice"],"picked":"Predator"},{"not_picked":["Slice","Deadly Poison"],"picked":"Leg Sweep"},{"not_picked":["All Out Attack","Quick Slash"],"picked":"Terror"},{"not_picked":["Deflect","All Out Attack"],"picked":"Noxious Fumes"},{"not_picked":["Outmaneuver","Finisher"],"picked":"Escape Plan"},{"not_picked":["Predator","Prepared"],"picked":"Noxious Fumes"},{"not_picked":["Dodge and Roll","Slice"],"picked":"Backflip"}],"player_experience":762081,"potions_floor_usage":[13,13,16,22,27,28,29,29],"damage_taken":[{"damage":0,"enemies":"2 Louse","floor":1,"turns":3},{"damage":0,"enemies":"Jaw Worm","floor":3,"turns":6},{"damage":0,"enemies":"Cultist","floor":5,"turns":3},{"damage":7,"enemies":"Large Slime","floor":7,"turns":8},{"damage":12,"enemies":"Exordium Thugs","floor":11,"turns":5},{"damage":11,"enemies":"Lagavulin","floor":13,"turns":4},{"damage":14,"enemies":"Slime Boss","floor":16,"turns":8},{"damage":9,"enemies":"3 Byrds","floor":18,"turns":5},{"damage":0,"enemies":"Chosen","floor":20,"turns":5},{"damage":3,"enemies":"Centurion and Healer","floor":22,"turns":6},{"damage":4,"enemies":"Snake Plant","floor":24,"turns":5},{"damage":6,"enemies":"Chosen and Byrds","floor":25,"turns":7},{"damage":3,"enemies":"3 Cultists","floor":27,"turns":5},{"damage":1,"enemies":"Snake Plant","floor":28,"turns":5},{"damage":11,"enemies":"Slavers","floor":29,"turns":6},{"damage":0,"enemies":"Centurion and Healer","floor":31,"turns":5},{"damage":30,"enemies":"Automaton","floor":33,"turns":9},{"damage":1,"enemies":"Orb Walker","floor":35,"turns":4},{"damage":19,"enemies":"Mysterious Sphere","floor":36,"turns":4},{"damage":0,"enemies":"3 Shapes","floor":37,"turns":4},{"damage":1,"enemies":"3 Darklings","floor":38,"turns":4},{"damage":0,"enemies":"Maw","floor":39,"turns":6},{"damage":0,"enemies":"4 Shapes","floor":41,"turns":5},{"damage":0,"enemies":"Sphere and 2 Shapes","floor":44,"turns":4},{"damage":3,"enemies":"Maw","floor":45,"turns":8},{"damage":0,"enemies":"3 Darklings","floor":48,"turns":4},{"damage":3,"enemies":"Time Eater","floor":50,"turns":15}],"event_choices":[{"event_name":"Golden Wing","player_choice":"Card Removal","floor":2,"damage_taken":0},{"event_name":"World of Goop","player_choice":"Gather Gold","floor":4,"damage_taken":0},{"event_name":"Purifier","player_choice":"One Purge","floor":12,"damage_taken":0},{"event_name":"Mysterious Sphere","player_choice":"Fight","floor":36,"damage_taken":0}],"boss_relics":[{"not_picked":["Calling Bell","Snecko Eye"],"picked":"Tiny House"},{"not_picked":["Cursed Key","Black Star"],"picked":"Sozu"}],"potions_floor_spawned":[5,11,13,16,22,24,27,31,33,36,37,45,48],"seed_played":"7619498896061947404","ascension_level":0,"is_trial":false}