{"path_per_floor":["M","?","T","$","?","R","E","M","T","R","$","R","M","M","R","B",null,"M","$","?","M","M","R","E","R","T","R","?","M","M","?","R","B",null,"M","?","M","$","M","R","?","R","T","R","M","M","$","M","R","B"],"character_chosen":"THE_SILENT","items_purchased":["Kunai","Mummified Hand"],"gold_per_floor":[211,211,291,45,45,45,76,100,100,100,25,25,48,62,62,188,188,209,109,34,58,76,76,116,116,141,141,141,156,177,92,92,211,211,232,232,257,1,19,19,19,19,71,71,92,117,117,138,138,138],"floor_reached":51,"campfire_rested":4,"playtime":2929,"current_hp_per_floor":[69,52,52,52,34,55,35,35,35,56,56,56,56,56,56,56,70,70,70,70,70,70,70,70,70,70,70,70,70,70,70,70,70,70,69,69,59,59,46,46,36,36,36,57,57,43,43,43,64,42],"items_purged":["Strike_G","Strike_G"],"gold":138,"play_id":"c76a2778-3e8c-43ba-b4c1-6308417e209b","is_prod":false,"is_daily":false,"is_ascension_mode":false,"campfire_upgraded":8,"path_taken":["M","?","?","$","?","R","E","M","T","R","$","R","?","M","R","BOSS","M","$","?","M","M","R","E","R","T","R","?","M","M","?","R","BOSS","M","?","M","$","M","R","?","R","T","R","M","M","$","M","R","BOSS"],"build_version":"2018-01-25-PROD3","purchased_purges":2,"victory":true,"master_deck":["Survivor","Neutralize+1","Deflect","Dash+1","Infinite Blades+1","Quick Slash+1","Sucker Punch+1","Flying Knee+1","Infinite Blades+1","Backflip+1","Quick Slash+1","After Image","Underhanded Strike","Bane","Riddle With Holes","Predator+1","Masterful Stab","Dagger Spray","Skewer","Blur+1","Madness","Madness","Finisher+1","Terror+1","Backflip"],"max_hp_per_floor":[70,70,70,70,70,70,70,70,70,70,70,70,70,70,70,70,70,70,70,70,70,70,70,70,70,70,70,70,70,70,70,70,70,70,70,70,70,70,70,70,70,70,70,70,70,70,70,70,70,70],"relics":["Ring of the Snake","Golden Idol","Shuriken","Kunai","Ancient Tea Set","Paper Crane","Letter Opener","Sozu","Snake Skull","Frozen Egg","Ornamental Fan","Pandora\u0027s Box","Mummified Hand","Pen Nib"],"card_choices":[{"not_picked":["Bane","Accuracy"],"picked":"Deflect"},{"not_picked":["Flechettes","Slice"],"picked":"Dash"},{"not_picked":["Deadly Poison","Eviscerate"],"picked":"Infinite Blades"},{"not_picked":["Dagger Spray","Flechettes"],"picked":"Quick Slash"},{"not_picked":["Endless Agony","Flying Knee"],"picked":"Sucker Punch"},{"not_picked":["Masterful Stab","Sucker Punch"],"picked":"Flying Knee"},{"not_picked":["Quick Slash","Flechettes"],"picked":"Infinite Blades"},{"not_picked":["Distraction","Calculated Gamble"],"picked":"Backflip"},{"not_picked":["Dagger Spray","Bouncing Flask"],"picked":"Quick Slash"},{"not_picked":["Tools of the Trade","Die Die Die"],"picked":"After Image"},{"not_picked":["Flying Knee","Bane"],"picked":"Blur"},{"not_picked":["Predator","All Out Attack"],"picked":"Finisher"},{"not_picked":["Dagger Throw","Skewer"],"picked":"Terror"},{"not_picked":["Bane","Flying Knee"],"picked":"Backflip"}],"player_experience":616358,"potions_floor_usage":[],"damage_taken":[{"damage":1,"enemies":"2 Louse","floor":1,"turns":3},{"damage":20,"enemies":"3 Sentries","floor":7,"turns":13},{"damage":0,"enemies":"Cultist","floor":8,"turns":4},{"damage":0,"enemies":"Jaw Worm","floor":13,"turns":3},{"damage":0,"enemies":"2 Fungi Beasts","floor":14,"turns":4},{"damage":0,"enemies":"Hexaghost","floor":16,"turns":9},{"damage":0,"enemies":"3 Byrds","floor":18,"turns":5},{"damage":0,"enemies":"Chosen","floor":21,"turns":5},{"damage":0,"enemies":"Centurion and Healer","floor":22,"turns":6},{"damage":0,"enemies":"Slavers","floor":24,"turns":6},{"damage":0,"enemies":"Snake Plant","floor":29,"turns":5},{"damage":0,"enemies":"3 Cultists","floor":30,"turns":4},{"damage":0,"enemies":"Collector","floor":33,"turns":8},{"damage":1,"enemies":"Orb Walker","floor":35,"turns":3},{"damage":10,"enemies":"3 Shapes","floor":37,"turns":7},{"damage":13,"enemies":"3 Darklings","floor":39,"turns":4},{"damage":0,"enemies":"Maw","floor":45,"turns":5},{"damage":14,"enemies":"4 Shapes","floor":46,"turns":5},{"damage":0,"enemies":"3 Darklings","floor":48,"turns":3},{"damage":22,"enemies":"Donu and Deca","floor":50,"turns":7}],"event_choices":[{"event_name":"Golden Idol","player_choice":"Take Damage","floor":2,"damage_taken":0},{"event_name":"Scrap Ooze","player_choice":"success","floor":5,"damage_taken":18},{"event_name":"Beggar","player_choice":"Gave Gold","floor":20,"damage_taken":0},{"event_name":"Vampires","player_choice":"Ignored","floor":28,"damage_taken":0},{"event_name":"Addict","player_choice":"Obtained Relic","floor":31,"damage_taken":0},{"event_name":"Mysterious Sphere","player_choice":"Ignore","floor":36,"damage_taken":0},{"event_name":"Winding Halls","player_choice":"Embrace Madness","floor":41,"damage_taken":0}],"boss_relics":[{"not_picked":["Lizard Tail","Astrolabe"],"picked":"Sozu"},{"not_picked":["White Beast Statue","Tiny House"],"picked":"Pandora\u0027s Box"}],"potions_floor_spawned":[7,13,16,18,22,30,33,45],"seed_played":"-1618392455420004998","ascension_level":0,"is_trial":false}