{"path_per_floor":["M","?","M","$","?","R","?","R","T","E","M","M","R","?","R","B",null,"M","?","M","T"],"character_chosen":"THE_SILENT","items_purchased":["Footwork"],"gold_per_floor":[117,67,80,0,0,0,0,0,0,35,45,62,62,137,137,242,242,253,253,233,233],"floor_reached":22,"campfire_rested":0,"playtime":1282,"current_hp_per_floor":[70,70,64,64,64,64,50,50,50,43,45,47,47,36,36,15,70,68,68,55,55],"items_purged":[],"gold":233,"play_id":"e6c495f9-32bd-4835-9ab2-b34d703dcef1","is_prod":false,"is_daily":false,"is_ascension_mode":false,"campfire_upgraded":4,"path_taken":["M","?","M","$","?","R","?","R","T","E","M","M","R","?","R","BOSS","M","?","M","?","?"],"build_version":"2018-02-01-PROD3","purchased_purges":0,"victory":false,"master_deck":["Defend_G+1","Defend_G","Defend_G","Defend_G","Defend_G","Strike_G","Strike_G","Strike_G","Survivor+1","Neutralize+1","Bouncing Flask+1","Backflip+1","Footwork+1","PiercingWail","Flying Knee","Backstab","Adrenaline","Deflect","Deflect+1"],"max_hp_per_floor":[70,70,70,70,70,70,70,70,70,70,70,70,70,70,70,70,70,70,70,70,70],"relics":["Ring of the Snake","Ginger","Blood Vial","Sozu","Dead Branch"],"card_choices":[{"not_picked":["Leg Sweep","Dodge and Roll"],"picked":"Bouncing Flask"},{"not_picked":["Outmaneuver","Poisoned Stab"],"picked":"Backflip"},{"not_picked":["Predator","Leg Sweep"],"picked":"PiercingWail"},{"not_picked":["Acrobatics","Quick Slash"],"picked":"Flying Knee"},{"not_picked":["Flying Knee","Acrobatics"],"picked":"Backstab"},{"not_picked":["Corpse Explosion","Bullet Time"],"picked":"Adrenaline"},{"not_picked":["Dagger Spray","Crippling Poison"],"picked":"Deflect"}],"player_experience":923289,"potions_floor_usage":[10],"damage_taken":[{"damage":0,"enemies":"Cultist","floor":1,"turns":5},{"damage":6,"enemies":"Jaw Worm","floor":3,"turns":3},{"damage":7,"enemies":"Gremlin Nob","floor":10,"turns":4},{"damage":0,"enemies":"Small Slimes","floor":11,"turns":4},{"damage":0,"enemies":"3 Louse","floor":12,"turns":4},{"damage":23,"enemies":"Slime Boss","floor":16,"turns":15},{"damage":2,"enemies":"Chosen","floor":18,"turns":4},{"damage":15,"enemies":"2 Thieves","floor":20,"turns":5},{"damage":0,"enemies":"Slaver and Parasite","floor":22,"turns":1}],"event_choices":[{"event_name":"The Cleric","player_choice":"Card Removal","floor":2,"damage_taken":0},{"event_name":"Liars Game","player_choice":"disagreed","floor":5,"damage_taken":0},{"event_name":"Shining Light","player_choice":"Entered Light","floor":7,"damage_taken":0},{"event_name":"World of Goop","player_choice":"Gather Gold","floor":14,"damage_taken":0},{"event_name":"The Library","player_choice":"Read","floor":19,"damage_taken":0}],"boss_relics":[{"not_picked":["Lizard Tail","Black Star"],"picked":"Sozu"}],"potions_floor_spawned":[1,3],"seed_played":"1514646673615243431","killed_by":"Slaver and Parasite","ascension_level":0,"is_trial":false}