{"path_per_floor":["M","?","M","M","?","R","E","?","T","R","?","R","$","M","R","B",null,"M","M","M","?","?","R","M","E","T","M","R","$","R","E","R","B",null,"M","$","M","M","?","R","M","R","T","M","R","M","$","E","R","B"],"character_chosen":"THE_SILENT","items_purchased":["Backflip","Escape Plan","Frozen Egg","Purity","Singing Bowl","Mummified Hand","Enlightenment","Toy Ornithopter","Pantograph"],"gold_per_floor":[114,114,137,156,156,156,191,191,215,215,215,215,91,116,116,244,244,267,285,298,298,298,298,312,348,648,662,662,524,524,563,563,694,694,719,31,51,76,409,409,420,420,420,440,440,458,19,47,47,47],"floor_reached":51,"campfire_rested":3,"playtime":4164,"current_hp_per_floor":[75,56,56,55,55,55,32,25,25,48,48,48,48,46,46,41,77,76,64,63,63,63,63,57,44,44,39,39,39,62,72,72,65,87,86,86,86,88,88,88,90,90,90,91,91,93,93,65,94,83],"items_purged":["Strike_G","Strike_G","Decay","Strike_G"],"gold":47,"play_id":"39bb242d-4660-4cf8-ae81-88c700e788d0","is_prod":false,"is_daily":false,"is_ascension_mode":true,"campfire_upgraded":9,"path_taken":["M","?","M","M","?","R","E","?","T","R","?","R","$","M","R","BOSS","M","M","M","?","?","R","M","E","T","?","R","$","R","E","R","BOSS","M","$","M","M","?","R","M","R","T","M","R","M","$","E","R","BOSS"],"build_version":"2018-01-25-PROD3","purchased_purges":4,"victory":true,"master_deck":["Defend_G","Defend_G","Defend_G","Defend_G","Defend_G","Survivor","Neutralize+1","Noxious Fumes+1","Bouncing Flask+1","Bouncing Flask+1","Backflip+1","Backflip+1","Burst+1","Noxious Fumes+1","Deflect+1","Burst+1","Backflip+1","Backflip+1","Escape Plan","Well Laid Plans+1","Footwork+1","Purity+1","Enlightenment","Bouncing Flask+1","Regret"],"max_hp_per_floor":[77,77,77,77,77,77,77,77,77,77,77,77,77,77,77,77,77,77,77,77,77,77,77,77,77,77,77,77,77,77,87,87,87,87,87,87,87,89,89,89,91,91,91,93,93,95,95,97,97,97],"relics":["Ring of the Snake","Meat on the Bone","Lantern","Cursed Key","The Courier","Old Coin","Pear","Orrery","Frozen Egg","Singing Bowl","Mummified Hand","War Paint","Toy Ornithopter","Pantograph","Du-Vu Doll"],"card_choices":[{"not_picked":["Acrobatics","Dagger Spray"],"picked":"Noxious Fumes"},{"not_picked":["Backstab","A Thousand Cuts"],"picked":"Bouncing Flask"},{"not_picked":["Dodge and Roll","Leg Sweep"],"picked":"Bouncing Flask"},{"not_picked":["Cloak And Dagger","Bane"],"picked":"Backflip"},{"not_picked":["Bullet Time","Die Die Die"],"picked":"Burst"},{"not_picked":["Distraction","Acrobatics"],"picked":"Noxious Fumes"},{"not_picked":["Bane","Masterful Stab"],"picked":"Deflect"},{"not_picked":["Terror","Flechettes"],"picked":"Backflip"},{"not_picked":["Dagger Spray","Flying Knee"],"picked":"Well Laid Plans"},{"not_picked":["Underhanded Strike","Well Laid Plans"],"picked":"Footwork"},{"not_picked":["Dodge and Roll","Well Laid Plans"],"picked":"Bouncing Flask"}],"player_experience":589642,"potions_floor_usage":[7,18,18,25,38,44,50,50],"damage_taken":[{"damage":2,"enemies":"Jaw Worm","floor":1,"turns":6},{"damage":0,"enemies":"Blue Slaver","floor":3,"turns":6},{"damage":1,"enemies":"2 Louse","floor":4,"turns":3},{"damage":23,"enemies":"3 Sentries","floor":7,"turns":6},{"damage":2,"enemies":"Looter","floor":14,"turns":3},{"damage":17,"enemies":"Slime Boss","floor":16,"turns":11},{"damage":1,"enemies":"2 Thieves","floor":18,"turns":4},{"damage":12,"enemies":"3 Byrds","floor":19,"turns":4},{"damage":1,"enemies":"Snecko","floor":20,"turns":4},{"damage":6,"enemies":"3 Cultists","floor":24,"turns":4},{"damage":25,"enemies":"Slavers","floor":25,"turns":4},{"damage":17,"enemies":"Centurion and Healer","floor":27,"turns":6},{"damage":0,"enemies":"Gremlin Leader","floor":31,"turns":7},{"damage":7,"enemies":"Collector","floor":33,"turns":7},{"damage":1,"enemies":"3 Darklings","floor":35,"turns":5},{"damage":0,"enemies":"3 Shapes","floor":37,"turns":3},{"damage":0,"enemies":"Maw","floor":38,"turns":5},{"damage":0,"enemies":"4 Shapes","floor":41,"turns":4},{"damage":1,"enemies":"3 Darklings","floor":44,"turns":4},{"damage":0,"enemies":"Sphere and 2 Shapes","floor":46,"turns":6},{"damage":30,"enemies":"Nemesis","floor":48,"turns":7},{"damage":14,"enemies":"Donu and Deca","floor":50,"turns":7}],"event_choices":[{"event_name":"Golden Idol","player_choice":"Take Damage","floor":2,"damage_taken":0},{"event_name":"Accursed Blacksmith","player_choice":"Forge","floor":5,"damage_taken":0},{"event_name":"Golden Wing","player_choice":"Card Removal","floor":8,"damage_taken":0},{"event_name":"Upgrade Shrine","player_choice":"Upgraded","floor":11,"damage_taken":0},{"event_name":"Transmorgrifier","player_choice":"Transform","floor":21,"damage_taken":0},{"event_name":"Duplicator","player_choice":"One dupe","floor":22,"damage_taken":0},{"event_name":"The Moai Head","player_choice":"Gave Idol","floor":39,"damage_taken":0}],"boss_relics":[{"not_picked":["White Beast Statue","Astrolabe"],"picked":"Cursed Key"},{"not_picked":["Question Card","Runic Pyramid"],"picked":"Orrery"}],"potions_floor_spawned":[3,7,14,18,24,27,31,33,37,38,48],"seed_played":"1925409832776086184","ascension_level":1,"is_trial":false}