{"path_per_floor":["M","M","?","?","$","R","M","R","T","R","?","E","?","$","R","B",null,"M","M","M","M","?","M","R","E","T","?","M","R","?","$","R","B",null,"M","?","?","M","$","R","?","R","T","M","R","?","R","M","R","B"],"character_chosen":"THE_SILENT","items_purchased":["Footwork","Well Laid Plans","Escape Plan"],"gold_per_floor":[115,128,128,203,46,46,65,65,91,91,91,127,155,55,55,185,185,180,196,210,233,233,256,256,289,312,312,327,327,327,126,126,224,224,240,240,240,251,21,21,21,21,21,37,37,37,37,54,54,54],"floor_reached":51,"campfire_rested":1,"playtime":2358,"current_hp_per_floor":[70,69,65,54,54,54,54,54,54,54,41,39,31,31,31,23,67,65,65,65,63,63,61,61,49,49,49,54,54,54,54,54,18,71,71,71,71,75,75,75,66,66,66,65,65,65,65,68,79,45],"items_purged":["Strike_G","Strike_G","Strike_G","Strike_G"],"gold":54,"score":511,"play_id":"9d779c94-141b-4656-bd00-7e0492958ca3","is_prod":false,"is_daily":false,"is_ascension_mode":false,"campfire_upgraded":11,"path_taken":["M","M","?","?","$","R","M","R","T","R","?","E","?","$","R","BOSS","M","M","M","M","?","M","R","E","T","?","?","R","?","$","R","BOSS","M","?","?","M","$","R","?","R","T","?","R","?","R","?","R","BOSS"],"build_version":"2018-02-08-PROD1","purchased_purges":4,"victory":true,"master_deck":["Defend_G","Defend_G","Defend_G+1","Defend_G","Defend_G+1","Strike_G","Survivor","Neutralize+1","Quick Slash+1","Footwork+1","Dagger Throw+1","Backflip+1","Glass Knife+1","Flying Knee+1","Backflip+1","Terror+1","Backstab","Escape Plan+1","Well Laid Plans+1","Tools of the Trade","Escape Plan+1","Madness","Madness","Decay","Backflip+1"],"max_hp_per_floor":[70,70,65,65,65,65,65,65,65,65,65,67,67,67,67,67,67,69,69,69,69,69,71,71,71,71,71,71,71,71,71,71,71,71,73,73,73,75,75,75,75,75,75,75,75,75,75,77,79,79],"relics":["Black Star","Bloody Idol","Singing Bowl","Sundial","Odd Mushroom","Sozu","Art of War","Snake Skull","Dream Catcher","Cursed Key","Du-Vu Doll"],"card_choices":[{"not_picked":["Deflect","Endless Agony"],"picked":"Quick Slash"},{"not_picked":["Outmaneuver","Dodge and Roll"],"picked":"Dagger Throw"},{"not_picked":["Slice","Bouncing Flask"],"picked":"Backflip"},{"not_picked":["Grand Finale","Bullet Time"],"picked":"Glass Knife"},{"not_picked":["Slice","Flechettes"],"picked":"Flying Knee"},{"not_picked":["All Out Attack","Blade Dance"],"picked":"Backflip"},{"not_picked":["Poisoned Stab","Heel Hook"],"picked":"Terror"},{"not_picked":["Cloak And Dagger","Quick Slash"],"picked":"Backstab"},{"not_picked":["Expertise","Deadly Poison"],"picked":"Escape Plan"},{"not_picked":["Unload","Tactician"],"picked":"Tools of the Trade"},{"not_picked":["Poisoned Stab","Slice"],"picked":"Backflip"}],"player_experience":1016517,"potions_floor_usage":[12,13],"damage_taken":[{"damage":0,"enemies":"Cultist","floor":1,"turns":4},{"damage":1,"enemies":"2 Louse","floor":2,"turns":3},{"damage":0,"enemies":"Jaw Worm","floor":7,"turns":5},{"damage":4,"enemies":"Gremlin Nob","floor":12,"turns":3},{"damage":8,"enemies":"The Mushroom Lair","floor":13,"turns":4},{"damage":8,"enemies":"The Guardian","floor":16,"turns":15},{"damage":4,"enemies":"2 Thieves","floor":18,"turns":4},{"damage":0,"enemies":"Shell Parasite","floor":19,"turns":8},{"damage":0,"enemies":"Snecko","floor":20,"turns":6},{"damage":2,"enemies":"Centurion and Healer","floor":21,"turns":8},{"damage":4,"enemies":"Sentry and Sphere","floor":23,"turns":8},{"damage":12,"enemies":"Slavers","floor":25,"turns":8},{"damage":0,"enemies":"Snecko","floor":28,"turns":3},{"damage":41,"enemies":"Champ","floor":33,"turns":10},{"damage":7,"enemies":"Orb Walker","floor":35,"turns":2},{"damage":0,"enemies":"3 Darklings","floor":38,"turns":5},{"damage":6,"enemies":"Maw","floor":44,"turns":7},{"damage":4,"enemies":"4 Shapes","floor":48,"turns":6},{"damage":34,"enemies":"Awakened One","floor":50,"turns":17}],"event_choices":[{"event_name":"Golden Idol","player_choice":"Lose Max HP","floor":3,"damage_taken":0},{"event_name":"World of Goop","player_choice":"Gather Gold","floor":4,"damage_taken":0},{"event_name":"Shining Light","player_choice":"Entered Light","floor":11,"damage_taken":0},{"event_name":"Mushrooms","player_choice":"Fought Mushrooms","floor":13,"damage_taken":0},{"event_name":"Vampires","player_choice":"Ignored","floor":22,"damage_taken":0},{"event_name":"Forgotten Altar","player_choice":"Gave Idol","floor":27,"damage_taken":0},{"event_name":"Drug Dealer","player_choice":"Ignored","floor":30,"damage_taken":0},{"event_name":"Match and Keep!","player_choice":"0 cards matched","floor":36,"damage_taken":0},{"event_name":"Tomb of Lord Red Mask","player_choice":"Ignored","floor":37,"damage_taken":0},{"event_name":"Winding Halls","player_choice":"Embrace Madness","floor":41,"damage_taken":0},{"event_name":"Mysterious Sphere","player_choice":"Ignore","floor":46,"damage_taken":0}],"boss_relics":[{"not_picked":["Velvet Choker","Eternal Feather"],"picked":"Sozu"},{"not_picked":["White Beast Statue","Calling Bell"],"picked":"Cursed Key"}],"potions_floor_spawned":[1,7,16,18,19,25,35,44],"seed_played":"8804580418988894578","ascension_level":0,"is_trial":false}