{"path_per_floor":["M","M","M","?","?","R","?","R","T","R","M","E","$","M","R","B",null,"M","?","M","?","?","R","M","M","T","$","M","?","M","M","R","B",null,"M","M","M","M","$","R","?","M","T","M","$","?","R","M","R","B"],"character_chosen":"THE_SILENT","items_purchased":["Footwork"],"gold_per_floor":[115,132,148,148,223,223,223,223,223,223,234,262,110,127,127,224,224,224,224,224,224,224,224,224,224,224,124,124,49,49,49,49,49,49,49,49,49,49,49,49,49,49,49,49,49,0,0,0,0,0],"floor_reached":51,"campfire_rested":1,"playtime":3203,"current_hp_per_floor":[69,65,64,64,53,53,70,70,70,70,69,56,56,56,56,49,70,58,45,53,53,53,53,52,52,52,52,52,52,52,52,52,47,75,75,75,49,49,49,49,49,49,49,51,51,51,51,47,70,68],"items_purged":["Strike_G","Strike_G"],"gold":0,"score":478,"play_id":"8259b456-22bf-4ea3-a36b-57b5777c4a22","is_prod":false,"is_daily":false,"is_ascension_mode":false,"campfire_upgraded":8,"path_taken":["M","M","M","?","?","R","?","R","T","R","M","E","$","M","R","BOSS","M","?","M","?","?","R","M","M","T","?","?","?","?","M","R","BOSS","M","M","M","M","?","R","?","?","T","M","$","?","R","M","R","BOSS"],"build_version":"2018-02-08-PROD1","purchased_purges":2,"victory":true,"master_deck":["Defend_G","Defend_G","Defend_G","Defend_G","Defend_G","Survivor","Neutralize+1","Well Laid Plans+1","PiercingWail","Backflip+1","Flechettes+1","Footwork+1","Backflip","Wraith Form+1","Acrobatics+1","Terror","Leg Sweep+1","Tactician+1","Backflip","Flechettes+1","Tactician+1"],"max_hp_per_floor":[70,70,70,70,70,70,70,70,70,70,70,70,70,70,70,70,70,70,75,75,75,75,75,75,75,75,75,75,75,75,75,75,75,75,75,75,75,75,75,75,75,75,75,77,77,77,77,79,79,79],"relics":["Philosopher\u0027s Stone","Peace Pipe","Art of War","Ectoplasm","Lantern","The Specimen","Singing Bowl","Red Mask"],"card_choices":[{"not_picked":["Quick Slash","Crippling Poison"],"picked":"Well Laid Plans"},{"not_picked":["Night Terror","Underhanded Strike"],"picked":"PiercingWail"},{"not_picked":["Malaise","Catalyst"],"picked":"Backflip"},{"not_picked":["Expertise","Sucker Punch"],"picked":"Flechettes"},{"not_picked":["Dash","Acrobatics"],"picked":"Backflip"},{"not_picked":["Night Terror","Glass Knife"],"picked":"Wraith Form"},{"not_picked":["All Out Attack","Outmaneuver"],"picked":"Acrobatics"},{"not_picked":["Reflex","Endless Agony"],"picked":"Terror"},{"not_picked":["Concentrate","Terror"],"picked":"Leg Sweep"},{"not_picked":["Glass Knife","Night Terror"],"picked":"Tactician"},{"not_picked":["Finisher","Quick Slash"],"picked":"Backflip"},{"not_picked":["Underhanded Strike","Poisoned Stab"],"picked":"Flechettes"},{"not_picked":["Poisoned Stab","Malaise"],"picked":"Tactician"}],"player_experience":1006838,"potions_floor_usage":[16,20,33,50,50,50],"damage_taken":[{"damage":1,"enemies":"2 Louse","floor":1,"turns":3},{"damage":4,"enemies":"Small Slimes","floor":2,"turns":4},{"damage":1,"enemies":"Blue Slaver","floor":3,"turns":6},{"damage":1,"enemies":"Large Slime","floor":11,"turns":8},{"damage":13,"enemies":"Lagavulin","floor":12,"turns":10},{"damage":0,"enemies":"2 Fungi Beasts","floor":14,"turns":4},{"damage":7,"enemies":"The Guardian","floor":16,"turns":9},{"damage":12,"enemies":"Spheric Guardian","floor":18,"turns":5},{"damage":7,"enemies":"Chosen","floor":20,"turns":7},{"damage":1,"enemies":"Snecko","floor":24,"turns":5},{"damage":0,"enemies":"Snake Plant","floor":25,"turns":3},{"damage":0,"enemies":"Sentry and Sphere","floor":28,"turns":5},{"damage":0,"enemies":"3 Cultists","floor":30,"turns":4},{"damage":0,"enemies":"Snecko","floor":31,"turns":4},{"damage":5,"enemies":"Collector","floor":33,"turns":5},{"damage":0,"enemies":"3 Darklings","floor":35,"turns":5},{"damage":0,"enemies":"3 Shapes","floor":36,"turns":4},{"damage":26,"enemies":"Sphere and 2 Shapes","floor":37,"turns":6},{"damage":0,"enemies":"4 Shapes","floor":38,"turns":6},{"damage":0,"enemies":"Maw","floor":42,"turns":5},{"damage":0,"enemies":"3 Darklings","floor":44,"turns":6},{"damage":6,"enemies":"Sphere and 2 Shapes","floor":48,"turns":5},{"damage":2,"enemies":"Awakened One","floor":50,"turns":7}],"event_choices":[{"event_name":"Liars Game","player_choice":"disagreed","floor":4,"damage_taken":0},{"event_name":"World of Goop","player_choice":"Gather Gold","floor":5,"damage_taken":0},{"event_name":"Wheel of Change","player_choice":"Full Heal","floor":7,"damage_taken":0},{"event_name":"Forgotten Altar","player_choice":"Shed Blood","floor":19,"damage_taken":0},{"event_name":"Bonfire Elementals","player_choice":"BASIC","floor":21,"damage_taken":0},{"event_name":"Back to Basics","player_choice":"Elegance","floor":22,"damage_taken":0},{"event_name":"Beggar","player_choice":"Gave Gold","floor":29,"damage_taken":0},{"event_name":"Mysterious Sphere","player_choice":"Ignore","floor":41,"damage_taken":0},{"event_name":"Tomb of Lord Red Mask","player_choice":"Paid","floor":46,"damage_taken":0}],"boss_relics":[{"not_picked":["Orrery","Black Star"],"picked":"Ectoplasm"},{"not_picked":["Runic Pyramid","Snecko Eye"],"picked":"The Specimen"}],"potions_floor_spawned":[3,11,12,24,25,30,33,36,42,48],"seed_played":"8693908925309080206","ascension_level":0,"is_trial":false}