{"path_per_floor":["M","?","T","M","M","R","E","M","T","$","?","R","M","E","R","B",null,"M","?","M","M","?","R","?","E","T","$","?","R","M","M","R","B",null,"M","?","M","?","M","R","?","M","T","M","R","?","?","$","R","B"],"character_chosen":"THE_SILENT","items_purchased":["Footwork","Backflip","Ice Cream","Acrobatics","Dodge and Roll"],"gold_per_floor":[117,117,142,159,170,170,197,209,209,64,64,64,74,106,106,202,202,218,218,237,249,249,249,174,209,235,88,178,178,194,211,211,308,308,318,318,335,335,345,345,391,402,448,461,461,461,461,95,95,95],"floor_reached":51,"campfire_rested":1,"playtime":2603,"current_hp_per_floor":[70,56,56,56,56,56,48,46,46,46,46,46,46,46,46,37,70,70,70,70,68,68,68,68,68,68,68,52,52,52,52,52,37,70,70,70,70,70,69,69,66,66,66,66,66,57,57,57,70,70],"items_purged":["Strike_G","Strike_G"],"gold":95,"score":675,"play_id":"8057bf63-ba8e-42e7-8b06-6d3736d0f0f2","is_prod":false,"is_daily":false,"is_ascension_mode":false,"campfire_upgraded":8,"path_taken":["M","?","?","M","?","R","E","?","T","$","?","R","?","E","R","BOSS","M","?","M","M","?","R","?","E","T","$","?","R","M","M","R","BOSS","M","?","M","?","M","R","?","M","T","M","R","?","?","?","R","BOSS"],"build_version":"2018-02-15-PROD1","purchased_purges":2,"victory":true,"master_deck":["Defend_G+1","Defend_G","Defend_G+1","Defend_G","Defend_G","Survivor","Neutralize+1","Bouncing Flask+1","Dash+1","Deflect","Footwork+1","Footwork+1","Burst+1","After Image","PiercingWail+1","Footwork+1","Deflect","Catalyst+1","Backflip+1","Blur+1","Escape Plan","Well Laid Plans+1","PiercingWail+1","Madness+1","Madness","Acrobatics","Dodge and Roll"],"max_hp_per_floor":[70,70,70,70,70,70,70,70,70,70,70,70,70,70,70,70,70,70,70,70,70,70,70,70,70,70,70,70,70,70,70,70,70,70,70,70,70,70,70,70,70,70,70,70,70,70,70,70,70,70],"relics":["Ring of the Snake","Art of War","Bag of Preparation","Du-Vu Doll","Gremlin Horn","Sozu","Juzu Bracelet","Happy Flower","Lizard Tail","Tingsha","Ancient Tea Set","Ice Cream"],"card_choices":[{"not_picked":["Finisher","Outmaneuver"],"picked":"Bouncing Flask"},{"not_picked":["PiercingWail","Reflex"],"picked":"Dash"},{"not_picked":["Dagger Spray","PiercingWail"],"picked":"Deflect"},{"not_picked":["Dagger Throw","Choke"],"picked":"Footwork"},{"not_picked":["Flying Knee","Sucker Punch"],"picked":"Burst"},{"not_picked":["Glass Knife","Tactician"],"picked":"After Image"},{"not_picked":["Flying Knee","Prepared"],"picked":"PiercingWail"},{"not_picked":["Flechettes","Calculated Gamble"],"picked":"Deflect"},{"not_picked":["Bouncing Flask","Deadly Poison"],"picked":"Catalyst"},{"not_picked":["Skewer","Prepared"],"picked":"Blur"},{"not_picked":["Finisher","Eviscerate"],"picked":"Escape Plan"},{"not_picked":["Crippling Poison","Reflex"],"picked":"Well Laid Plans"},{"not_picked":["Distraction","Prepared"],"picked":"PiercingWail"}],"player_experience":1259621,"potions_floor_usage":[8],"damage_taken":[{"damage":0,"enemies":"Small Slimes","floor":1,"turns":5},{"damage":0,"enemies":"Jaw Worm","floor":4,"turns":3},{"damage":0,"enemies":"Cultist","floor":5,"turns":3},{"damage":8,"enemies":"3 Sentries","floor":7,"turns":9},{"damage":2,"enemies":"Exordium Thugs","floor":8,"turns":4},{"damage":0,"enemies":"Red Slaver","floor":13,"turns":4},{"damage":0,"enemies":"Gremlin Nob","floor":14,"turns":4},{"damage":9,"enemies":"The Guardian","floor":16,"turns":8},{"damage":0,"enemies":"Spheric Guardian","floor":18,"turns":3},{"damage":0,"enemies":"Shell Parasite","floor":20,"turns":5},{"damage":2,"enemies":"3 Cultists","floor":21,"turns":7},{"damage":0,"enemies":"Gremlin Leader","floor":25,"turns":10},{"damage":0,"enemies":"Snecko","floor":30,"turns":5},{"damage":0,"enemies":"Sentry and Sphere","floor":31,"turns":6},{"damage":15,"enemies":"Collector","floor":33,"turns":7},{"damage":0,"enemies":"3 Shapes","floor":35,"turns":8},{"damage":0,"enemies":"Orb Walker","floor":37,"turns":6},{"damage":1,"enemies":"3 Darklings","floor":39,"turns":17},{"damage":3,"enemies":"Mysterious Sphere","floor":41,"turns":15},{"damage":0,"enemies":"Sphere and 2 Shapes","floor":42,"turns":7},{"damage":0,"enemies":"Maw","floor":44,"turns":2},{"damage":0,"enemies":"Donu and Deca","floor":50,"turns":11}],"event_choices":[{"event_name":"Shining Light","player_choice":"Entered Light","floor":2,"damage_taken":0},{"event_name":"Purifier","player_choice":"One Purge","floor":11,"damage_taken":0},{"event_name":"Duplicator","player_choice":"One dupe","floor":19,"damage_taken":0},{"event_name":"Drug Dealer","player_choice":"Ignored","floor":22,"damage_taken":0},{"event_name":"Beggar","player_choice":"Gave Gold","floor":24,"damage_taken":0},{"event_name":"Knowing Skull","player_choice":"GOLD ","floor":28,"damage_taken":0},{"event_name":"Tomb of Lord Red Mask","player_choice":"Ignored","floor":38,"damage_taken":0},{"event_name":"Mysterious Sphere","player_choice":"Fight","floor":41,"damage_taken":0},{"event_name":"Winding Halls","player_choice":"Embrace Madness","floor":46,"damage_taken":0},{"event_name":"Upgrade Shrine","player_choice":"Upgraded","floor":47,"damage_taken":0}],"boss_relics":[{"not_picked":["Ectoplasm","White Beast Statue"],"picked":"Sozu"},{"not_picked":["Snecko Eye","Calling Bell"],"picked":"Lizard Tail"}],"potions_floor_spawned":[1,7,13,14,16,21,31,33,35,37,41,42],"seed_played":"-2444920195676828789","ascension_level":0,"is_trial":false}