{"path_per_floor":["M","?","$","M","M","R","M","R","T","$","R","?","$","?","R","B",null,"M","$","?","?","?","R","?","R","T","?","M","M","M","?","R","B",null,"M","?","$","?","M","R","M","M","T","M","$","$","M","M","R","B"],"character_chosen":"THE_SILENT","items_purchased":["Mummified Hand","Footwork","Footwork","Backflip","Footwork","Calculated Gamble","Poison Potion"],"gold_per_floor":[218,218,143,161,178,178,195,195,495,149,149,179,54,54,54,155,155,171,89,89,89,89,89,89,89,89,89,107,122,135,50,50,149,149,169,169,62,62,79,79,99,112,138,157,87,4,16,35,35,35],"floor_reached":51,"campfire_rested":1,"playtime":2192,"current_hp_per_floor":[70,67,67,67,61,61,54,54,54,54,54,54,54,59,59,37,75,67,67,53,53,53,53,37,61,61,61,61,61,57,57,57,27,80,75,75,75,90,90,90,88,88,88,88,88,88,88,88,88,84],"items_purged":["Strike_G","Strike_G","Strike_G"],"gold":35,"score":535,"play_id":"c2c59b92-39f6-4fb9-94db-cdd4a89289de","is_prod":false,"is_daily":false,"is_ascension_mode":false,"campfire_upgraded":8,"path_taken":["M","?","$","?","M","R","M","R","T","$","R","?","$","?","R","BOSS","M","$","?","?","?","R","?","R","T","?","M","M","?","?","R","BOSS","M","?","$","?","?","R","M","M","T","M","?","$","M","M","R","BOSS"],"build_version":"2018-02-15-PROD1","purchased_purges":3,"victory":true,"master_deck":["Defend_G+1","Defend_G+1","Defend_G+1","Defend_G+1","Defend_G+1","Strike_G+1","Strike_G+1","Survivor+1","Neutralize+1","Noxious Fumes+1","Flying Knee","Backflip+1","Die Die Die","PiercingWail","Footwork+1","Doubt","Neutralize","Jack Of All Trades","Escape Plan+1","Dash+1","Malaise","Footwork","Backflip","Noxious Fumes+1","Malaise+1","Doubt","Footwork","Calculated Gamble+1","Backflip"],"max_hp_per_floor":[70,70,70,70,70,70,70,70,70,70,70,70,70,75,75,75,75,75,75,80,80,80,80,80,80,80,80,80,80,80,80,80,80,80,80,80,80,90,90,90,90,90,90,90,90,90,90,90,90,90],"relics":["Ring of the Snake","Happy Flower","Old Coin","Mummified Hand","Cursed Key","Enchiridion","Bronze Scales","Tingsha","Question Card","Orichalcum"],"card_choices":[{"not_picked":["Finisher","Terror"],"picked":"Noxious Fumes"},{"not_picked":["Deflect","Underhanded Strike"],"picked":"Flying Knee"},{"not_picked":["Cloak And Dagger","Bane"],"picked":"Backflip"},{"not_picked":["Tactician","Envenom"],"picked":"Die Die Die"},{"not_picked":["Dodge and Roll","Deflect"],"picked":"PiercingWail"},{"not_picked":["Skewer","Deflect"],"picked":"Escape Plan"},{"not_picked":["Underhanded Strike","Calculated Gamble"],"picked":"Dash"},{"not_picked":["Corpse Explosion","Unload"],"picked":"Burst"},{"not_picked":["Poisoned Stab","Endless Agony","Dagger Throw"],"picked":"Malaise"},{"not_picked":["Eviscerate","Acrobatics","Heel Hook"],"picked":"Noxious Fumes"},{"not_picked":["Prepared","All Out Attack","Deflect"],"picked":"Malaise"},{"not_picked":["Deadly Poison","Underhanded Strike","Die Die Die"],"picked":"Backflip"}],"player_experience":1257429,"potions_floor_usage":[33,33,50],"damage_taken":[{"damage":0,"enemies":"Small Slimes","floor":1,"turns":6},{"damage":0,"enemies":"Jaw Worm","floor":4,"turns":5},{"damage":6,"enemies":"2 Louse","floor":5,"turns":4},{"damage":7,"enemies":"Gremlin Gang","floor":7,"turns":6},{"damage":22,"enemies":"The Guardian","floor":16,"turns":14},{"damage":8,"enemies":"Chosen","floor":18,"turns":7},{"damage":0,"enemies":"Shell Parasite","floor":28,"turns":6},{"damage":0,"enemies":"Snecko","floor":29,"turns":7},{"damage":4,"enemies":"Snake Plant","floor":30,"turns":3},{"damage":30,"enemies":"Automaton","floor":33,"turns":13},{"damage":5,"enemies":"3 Shapes","floor":35,"turns":4},{"damage":0,"enemies":"3 Darklings","floor":39,"turns":8},{"damage":6,"enemies":"Maw","floor":41,"turns":9},{"damage":0,"enemies":"4 Shapes","floor":42,"turns":4},{"damage":0,"enemies":"Sphere and 2 Shapes","floor":44,"turns":5},{"damage":0,"enemies":"3 Darklings","floor":47,"turns":4},{"damage":0,"enemies":"4 Shapes","floor":48,"turns":5},{"damage":4,"enemies":"Time Eater","floor":50,"turns":16}],"event_choices":[{"event_name":"Scrap Ooze","player_choice":"success","floor":2,"damage_taken":3},{"event_name":"Dead Adventurer","player_choice":"Searched \u00271\u0027 times","floor":12,"damage_taken":0},{"event_name":"Big Fish","player_choice":"Donut","floor":14,"damage_taken":0},{"event_name":"Forgotten Altar","player_choice":"Shed Blood","floor":20,"damage_taken":0},{"event_name":"Back to Basics","player_choice":"Simplicity","floor":21,"damage_taken":0},{"event_name":"The Mausoleum","player_choice":"No","floor":22,"damage_taken":0},{"event_name":"Cursed Tome","player_choice":"Obtained Book","floor":24,"damage_taken":0},{"event_name":"Match and Keep!","player_choice":"2 cards matched","floor":27,"damage_taken":0},{"event_name":"Addict","player_choice":"Obtained Relic","floor":31,"damage_taken":0},{"event_name":"Tomb of Lord Red Mask","player_choice":"Ignored","floor":36,"damage_taken":0},{"event_name":"Bonfire Elementals","player_choice":"RARE","floor":38,"damage_taken":0}],"boss_relics":[{"not_picked":["Eternal Feather","White Beast Statue"],"picked":"Cursed Key"},{"not_picked":["Black Star","Runic Pyramid"],"picked":"Question Card"}],"potions_floor_spawned":[1,7,16,29,30,42],"seed_played":"6838267020057661994","ascension_level":0,"is_trial":false}