{"path_per_floor":["M","$","M","?","M","R","M","?","T","?","R","M","M","E","R","B",null,"M","?","$","?","M","E","R","E","T","R","M","?","M","M","R","B",null,"M","?","M","?","?","R","M","R","T","R","?","R","M","$","R","B"],"character_chosen":"THE_SILENT","items_purchased":["Paper Crane","Backflip","Sadistic Nature","Noxious Fumes","Bag of Marbles"],"gold_per_floor":[143,68,84,84,96,96,115,136,136,136,136,155,174,208,208,313,313,326,326,68,338,326,361,361,392,392,392,402,402,412,430,430,530,530,550,550,565,565,565,565,575,575,575,575,575,575,593,39,39,39],"floor_reached":51,"campfire_rested":2,"playtime":15391,"current_hp_per_floor":[74,74,74,74,74,74,74,65,65,58,58,58,58,58,58,41,75,75,75,75,47,47,32,54,24,24,46,41,66,61,66,66,72,75,75,65,69,69,69,69,61,61,61,61,61,61,71,71,71,49],"items_purged":["Strike_G","Dagger Spray"],"gold":39,"play_id":"33786f76-987e-4d08-a3db-aab3e2c5737f","is_prod":false,"is_daily":false,"is_ascension_mode":false,"campfire_upgraded":7,"path_taken":["M","$","?","?","M","R","M","?","T","?","R","M","?","E","R","BOSS","M","?","$","?","M","E","R","E","T","R","?","?","M","M","R","BOSS","M","?","M","?","?","R","M","R","T","R","?","R","M","$","R","BOSS"],"build_version":"2018-02-01-PROD3","purchased_purges":2,"victory":true,"master_deck":["Defend_G","Defend_G","Defend_G","Defend_G","Defend_G","Survivor","Neutralize+1","Cloak And Dagger+1","Cloak And Dagger+1","Deflect","Flying Knee","Backstab","Backflip+1","After Image","Sucker Punch+1","Accuracy+1","Well Laid Plans+1","Noxious Fumes+1","After Image","Calculated Gamble+1","Madness","Madness","Adrenaline","Cloak And Dagger+1","Backflip","Sadistic Nature","Noxious Fumes"],"max_hp_per_floor":[75,75,75,75,75,75,75,75,75,75,75,75,75,75,75,75,75,75,75,75,75,75,75,75,75,75,75,75,75,75,75,75,75,75,75,75,75,75,75,75,75,75,75,75,75,75,75,75,75,75],"relics":["Tiny House","Odd Mushroom","Kunai","Tingsha","Question Card","Paper Crane","Ice Cream","Torii","Bird Faced Urn","Sozu","Shovel","Singing Bowl","Regal Pillow","Bag of Marbles"],"card_choices":[{"not_picked":["Bouncing Flask","Sucker Punch"],"picked":"Cloak And Dagger"},{"not_picked":["Deflect","Endless Agony"],"picked":"Cloak And Dagger"},{"not_picked":["Sucker Punch","Choke"],"picked":"Deflect"},{"not_picked":["Acrobatics","Deadly Poison"],"picked":"Dagger Spray"},{"not_picked":["Poisoned Stab","Prepared"],"picked":"Flying Knee"},{"not_picked":["Cloak And Dagger","Grand Finale"],"picked":"Backstab"},{"not_picked":["Escape Plan","Night Terror"],"picked":"Backflip"},{"not_picked":["Tactician","Glass Knife"],"picked":"After Image"},{"not_picked":["Backflip","Outmaneuver","Flying Knee"],"picked":"Sucker Punch"},{"not_picked":["PiercingWail","Prepared","Tools of the Trade"],"picked":"Accuracy"},{"not_picked":["Poisoned Stab","PiercingWail","Terror"],"picked":"Well Laid Plans"},{"not_picked":["Sucker Punch","Poisoned Stab","Acrobatics"],"picked":"Noxious Fumes"},{"not_picked":["Bullet Time","Die Die Die","Burst"],"picked":"After Image"},{"not_picked":["Leg Sweep","PiercingWail","Deflect"],"picked":"Calculated Gamble"},{"not_picked":["Dash","Terror","Reflex"],"picked":"Adrenaline"},{"not_picked":["Escape Plan","Poisoned Stab","Dodge and Roll"],"picked":"Cloak And Dagger"}],"player_experience":961308,"potions_floor_usage":[8,16,18,22,23,30,33],"damage_taken":[{"damage":1,"enemies":"Blue Slaver","floor":1,"turns":5},{"damage":0,"enemies":"Small Slimes","floor":3,"turns":4},{"damage":0,"enemies":"Cultist","floor":5,"turns":5},{"damage":0,"enemies":"3 Louse","floor":7,"turns":4},{"damage":9,"enemies":"The Mushroom Lair","floor":8,"turns":8},{"damage":0,"enemies":"Large Slime","floor":12,"turns":11},{"damage":0,"enemies":"Exordium Wildlife","floor":13,"turns":6},{"damage":0,"enemies":"Lagavulin","floor":14,"turns":9},{"damage":17,"enemies":"Slime Boss","floor":16,"turns":14},{"damage":0,"enemies":"Chosen","floor":18,"turns":7},{"damage":0,"enemies":"2 Thieves","floor":22,"turns":4},{"damage":15,"enemies":"Gremlin Leader","floor":23,"turns":19},{"damage":30,"enemies":"Slavers","floor":25,"turns":8},{"damage":9,"enemies":"Snake Plant","floor":28,"turns":6},{"damage":9,"enemies":"Cultist and Chosen","floor":30,"turns":6},{"damage":1,"enemies":"Snecko","floor":31,"turns":8},{"damage":2,"enemies":"Automaton","floor":33,"turns":11},{"damage":7,"enemies":"3 Shapes","floor":35,"turns":7},{"damage":6,"enemies":"3 Darklings","floor":37,"turns":7},{"damage":18,"enemies":"Sphere and 2 Shapes","floor":41,"turns":6},{"damage":0,"enemies":"Maw","floor":47,"turns":9},{"damage":32,"enemies":"Awakened One","floor":50,"turns":14}],"event_choices":[{"event_name":"Purifier","player_choice":"One Purge","floor":4,"damage_taken":0},{"event_name":"Mushrooms","player_choice":"Fought Mushrooms","floor":8,"damage_taken":0},{"event_name":"Golden Wing","player_choice":"Card Removal","floor":10,"damage_taken":0},{"event_name":"Vampires","player_choice":"Ignored","floor":19,"damage_taken":0},{"event_name":"Knowing Skull","player_choice":"GOLD GOLD GOLD ","floor":21,"damage_taken":0},{"event_name":"The Library","player_choice":"Heal","floor":29,"damage_taken":0},{"event_name":"Winding Halls","player_choice":"Embrace Madness","floor":36,"damage_taken":0},{"event_name":"Purifier","player_choice":"One Purge","floor":38,"damage_taken":0},{"event_name":"Tomb of Lord Red Mask","player_choice":"Ignored","floor":39,"damage_taken":0}],"boss_relics":[{"not_picked":["The Specimen","Velvet Choker"],"picked":"Question Card"},{"not_picked":["Eternal Feather","Orrery"],"picked":"Sozu"}],"potions_floor_spawned":[12,13,14,22,28,31,35],"seed_played":"-1211112537452911990","ascension_level":0,"is_trial":false}