{"path_per_floor":["M","?","M","?","?","R","E","R","T","M","?","M","?","M","R","B",null,"M","?","$","M","?","R","M","$","T","?","R","M","R","M","R","B",null,"M","?","$","?","M","R","M","$","T","?","M","R","M","?","R","B"],"character_chosen":"THE_SILENT","items_purchased":["Well Laid Plans","Singing Bowl","Oddly Smooth Stone","Footwork"],"gold_per_floor":[114,189,205,205,205,205,234,234,257,271,271,283,340,359,359,462,462,480,480,216,232,232,232,249,95,119,34,34,54,54,70,70,168,168,182,182,10,0,11,11,23,23,23,23,43,43,58,58,58,58],"floor_reached":51,"campfire_rested":5,"playtime":3081,"current_hp_per_floor":[58,47,43,43,36,36,14,34,34,33,33,32,12,12,32,22,56,32,54,54,55,55,55,45,45,45,45,45,41,62,64,64,39,66,65,56,56,56,50,73,73,73,73,73,69,69,44,44,67,2],"items_purged":["Strike_G","Strike_G"],"gold":58,"score":740,"play_id":"ac299cf3-d847-415e-b9c5-ae677591900b","is_prod":false,"is_daily":false,"is_ascension_mode":true,"campfire_upgraded":5,"path_taken":["M","?","M","?","?","R","E","R","T","M","?","M","?","M","R","BOSS","M","?","?","?","?","R","M","$","T","?","R","M","R","M","R","BOSS","M","?","$","?","M","R","M","?","T","?","M","R","?","?","R","BOSS"],"build_version":"2018-02-12-PROD1","purchased_purges":4,"victory":true,"master_deck":["Defend_G+1","Defend_G+1","Defend_G+1","Defend_G+1","Defend_G+1","Strike_G+1","Strike_G+1","Strike_G+1","Survivor+1","Neutralize+1","Deflect","Deadly Poison+1","Bane+1","PiercingWail","Bouncing Flask+1","Burst+1","Malaise+1","Well Laid Plans+1","Footwork+1","Madness","Madness","Footwork","Backflip+1","Parasite","Skewer+1","Catalyst+1"],"max_hp_per_floor":[70,70,70,67,67,67,67,67,67,67,67,67,67,67,67,67,67,67,67,67,69,69,69,69,69,69,69,69,71,71,73,73,75,75,75,75,75,75,77,77,77,77,77,77,77,77,77,77,77,77],"relics":["The Specimen","Orichalcum","Happy Flower","Anchor","Sozu","Singing Bowl","Oddly Smooth Stone","War Paint","Bag of Preparation","Cursed Key","Red Mask","Molten Egg 2"],"card_choices":[{"not_picked":["Quick Slash","Flying Knee"],"picked":"Deflect"},{"not_picked":["Dodge and Roll","Underhanded Strike"],"picked":"Deadly Poison"},{"not_picked":["Dodge and Roll","Quick Slash"],"picked":"Bane"},{"not_picked":["Reflex","Caltrops"],"picked":"PiercingWail"},{"not_picked":["Calculated Gamble","Flechettes"],"picked":"Bouncing Flask"},{"not_picked":["Envenom","Doppelganger"],"picked":"Burst"},{"not_picked":["Dodge and Roll","Poisoned Stab"],"picked":"Malaise"},{"not_picked":["All Out Attack","Cloak And Dagger"],"picked":"Footwork"},{"not_picked":["Dodge and Roll","Deflect"],"picked":"Dash"},{"not_picked":["Reflex","Poisoned Stab"],"picked":"Backflip"},{"not_picked":["Endless Agony","Flying Knee"],"picked":"Skewer"},{"not_picked":["Backflip","Bane"],"picked":"Catalyst"}],"player_experience":1154309,"potions_floor_usage":[7,13,13,16,16],"damage_taken":[{"damage":5,"enemies":"Small Slimes","floor":1,"turns":6},{"damage":4,"enemies":"Jaw Worm","floor":3,"turns":8},{"damage":22,"enemies":"3 Sentries","floor":7,"turns":13},{"damage":1,"enemies":"Blue Slaver","floor":10,"turns":4},{"damage":1,"enemies":"2 Fungi Beasts","floor":12,"turns":3},{"damage":20,"enemies":"3 Sentries","floor":13,"turns":10},{"damage":0,"enemies":"Looter","floor":14,"turns":3},{"damage":10,"enemies":"Hexaghost","floor":16,"turns":11},{"damage":24,"enemies":"3 Byrds","floor":18,"turns":6},{"damage":1,"enemies":"2 Thieves","floor":21,"turns":4},{"damage":10,"enemies":"Sentry and Sphere","floor":24,"turns":5},{"damage":6,"enemies":"Chosen and Byrds","floor":29,"turns":6},{"damage":0,"enemies":"Snecko","floor":31,"turns":6},{"damage":27,"enemies":"Collector","floor":33,"turns":8},{"damage":1,"enemies":"Orb Walker","floor":35,"turns":4},{"damage":8,"enemies":"3 Darklings","floor":39,"turns":10},{"damage":0,"enemies":"4 Shapes","floor":41,"turns":9},{"damage":4,"enemies":"Maw","floor":45,"turns":9},{"damage":25,"enemies":"3 Darklings","floor":47,"turns":6},{"damage":65,"enemies":"Donu and Deca","floor":50,"turns":11}],"event_choices":[{"event_name":"World of Goop","player_choice":"Gather Gold","floor":2,"damage_taken":0},{"event_name":"Purifier","player_choice":"One Purge","floor":4,"damage_taken":0},{"event_name":"Scrap Ooze","player_choice":"success","floor":5,"damage_taken":7},{"event_name":"The Lab","player_choice":"Got Potions","floor":11,"damage_taken":0},{"event_name":"Dead Adventurer","player_choice":"Searched \u00272\u0027 times","floor":13,"damage_taken":0},{"event_name":"The Library","player_choice":"Heal","floor":19,"damage_taken":0},{"event_name":"Back to Basics","player_choice":"Simplicity","floor":22,"damage_taken":0},{"event_name":"Addict","player_choice":"Obtained Relic","floor":27,"damage_taken":0},{"event_name":"Winding Halls","player_choice":"Embrace Madness","floor":36,"damage_taken":0},{"event_name":"Tomb of Lord Red Mask","player_choice":"Paid","floor":38,"damage_taken":0},{"event_name":"Mysterious Sphere","player_choice":"Ignore","floor":44,"damage_taken":0}],"boss_relics":[{"not_picked":["Runic Dome","Question Card"],"picked":"Sozu"},{"not_picked":["Snecko Eye","Orrery"],"picked":"Cursed Key"}],"potions_floor_spawned":[1,12,13,18,31,39],"seed_played":"-2853190380704090413","ascension_level":11,"is_trial":false}