{"path_per_floor":["M","M","M","M","M","R","M","R","T","R","M","M","?","M","R","B",null,"M","?","?","$","M","?","R","$","T","M","?","M","R","M","R"],"character_chosen":"THE_SILENT","items_purchased":["Kunai"],"gold_per_floor":[114,127,146,162,174,174,186,186,186,186,201,211,211,227,227,322,352,362,362,362,30,41,41,41,41,64,74,74,94,94,107,107],"floor_reached":33,"campfire_rested":1,"playtime":1707,"current_hp_per_floor":[70,67,67,67,67,67,66,66,66,66,65,65,58,58,58,32,75,55,55,55,55,53,37,37,37,37,26,12,24,48,48,48],"items_purged":["Strike_G"],"gold":107,"score":243,"play_id":"2a4e73e1-8d2f-4365-9f3b-c3db2727660e","is_prod":false,"is_daily":false,"is_ascension_mode":false,"campfire_upgraded":6,"path_taken":["M","?","M","M","M","R","M","R","T","R","M","M","?","M","R","BOSS","M","?","?","$","?","?","R","$","T","M","?","M","R","M","R","BOSS"],"build_version":"2018-02-22-PROD2","purchased_purges":1,"victory":false,"master_deck":["Defend_G","Defend_G","Defend_G","Defend_G","Defend_G","Strike_G","Strike_G","Strike_G","Survivor+1","Neutralize+1","PiercingWail","Blade Dance+1","Choke","Expertise+1","Flying Knee+1","Prepared+1","Predator+1","Slice","Bullet Time+1","Footwork+1","Finisher","Deflect+1"],"max_hp_per_floor":[70,70,70,70,70,70,70,70,70,70,70,70,70,70,70,70,75,75,75,75,75,75,75,75,75,75,75,80,80,80,80,80],"relics":["Ring of the Snake","Bottled Flame","Tiny House","Kunai","Nilry\u0027s Codex","Oddly Smooth Stone"],"card_choices":[{"not_picked":["Bane","Masterful Stab"],"picked":"PiercingWail"},{"not_picked":["Heel Hook","Acrobatics"],"picked":"Blade Dance"},{"not_picked":["Prepared","PiercingWail"],"picked":"Choke"},{"not_picked":["Skewer","Tools of the Trade"],"picked":"Expertise"},{"not_picked":["Sucker Punch","Underhanded Strike"],"picked":"Flying Knee"},{"not_picked":["Expertise","Sucker Punch"],"picked":"Prepared"},{"not_picked":["Prepared","Underhanded Strike"],"picked":"Predator"},{"not_picked":["Underhanded Strike","Acrobatics"],"picked":"Slice"},{"not_picked":["Grand Finale","A Thousand Cuts"],"picked":"Bullet Time"},{"not_picked":["Underhanded Strike","Quick Slash"],"picked":"Footwork"},{"not_picked":["Prepared","PiercingWail"],"picked":"Finisher"},{"not_picked":["Quick Slash","Poisoned Stab"],"picked":"Deflect"}],"player_experience":1373096,"potions_floor_usage":[5,18,18,29,29,29,33],"damage_taken":[{"damage":0,"enemies":"Cultist","floor":1,"turns":4},{"damage":3,"enemies":"Jaw Worm","floor":2,"turns":5},{"damage":0,"enemies":"2 Louse","floor":3,"turns":3},{"damage":0,"enemies":"Looter","floor":4,"turns":3},{"damage":0,"enemies":"Large Slime","floor":5,"turns":7},{"damage":1,"enemies":"Red Slaver","floor":7,"turns":3},{"damage":1,"enemies":"Blue Slaver","floor":11,"turns":3},{"damage":0,"enemies":"Lots of Slimes","floor":12,"turns":4},{"damage":0,"enemies":"2 Fungi Beasts","floor":14,"turns":2},{"damage":26,"enemies":"The Guardian","floor":16,"turns":12},{"damage":20,"enemies":"3 Byrds","floor":18,"turns":7},{"damage":2,"enemies":"Shell Parasite","floor":22,"turns":9},{"damage":11,"enemies":"Snecko","floor":27,"turns":3},{"damage":0,"enemies":"Cultist and Chosen","floor":29,"turns":5},{"damage":0,"enemies":"Snake Plant","floor":31,"turns":7},{"damage":51,"enemies":"Collector","floor":33,"turns":5}],"event_choices":[{"event_name":"Golden Wing","player_choice":"Card Removal","floor":13,"damage_taken":0},{"event_name":"Vampires","player_choice":"Ignored","floor":19,"damage_taken":0},{"event_name":"Accursed Blacksmith","player_choice":"Forge","floor":20,"damage_taken":0},{"event_name":"Cursed Tome","player_choice":"Obtained Book","floor":23,"damage_taken":0},{"event_name":"Forgotten Altar","player_choice":"Shed Blood","floor":28,"damage_taken":0}],"boss_relics":[{"not_picked":["The Specimen","Lizard Tail"],"picked":"Tiny House"}],"potions_floor_spawned":[3,4,5,7,16,18,27,31],"seed_played":"-4364218630263681521","killed_by":"Collector","ascension_level":0,"is_trial":false}