{"path_per_floor":["M","?","?","M","?","E","$","M","T","R","?","R","M","M","R","B",null,"M","M","?","M","?","$","R","M","T","M","M","R","E","M","R","B",null,"M","?","?","M","$","R","E","R","T","$","?","?","R","M","R","B"],"character_chosen":"THE_SILENT","items_purchased":["Dash","Bag of Preparation"],"gold_per_floor":[13,13,88,102,102,133,18,36,36,36,36,36,53,71,71,167,167,177,196,196,213,138,38,38,53,53,67,83,83,116,134,134,233,233,247,247,247,261,112,112,144,144,194,69,69,69,69,81,81,81],"floor_reached":51,"campfire_rested":1,"playtime":2044,"current_hp_per_floor":[70,63,52,52,38,30,30,30,30,30,30,30,30,30,30,25,70,69,67,67,67,67,67,67,67,67,67,67,67,62,62,62,62,70,70,70,70,70,70,70,66,66,66,66,66,66,70,70,70,69],"items_purged":["Strike_G","Strike_G","Poisoned Stab"],"gold":81,"score":645,"play_id":"ce647ec6-b921-42c2-9425-6748d7f84b59","is_prod":false,"is_daily":false,"is_ascension_mode":false,"campfire_upgraded":8,"path_taken":["M","?","?","M","?","E","?","?","T","R","?","R","M","M","R","BOSS","M","M","?","M","?","$","R","M","T","?","M","R","E","M","R","BOSS","M","?","?","M","$","R","E","R","T","$","?","?","R","M","R","BOSS"],"build_version":"2018-02-22-PROD2","purchased_purges":4,"victory":true,"master_deck":["Defend_G+1","Defend_G+1","Defend_G+1","Defend_G+1","Survivor+1","Neutralize+1","Noxious Fumes+1","Noxious Fumes+1","Dash+1","Footwork+1","Dash+1","Backflip+1"],"max_hp_per_floor":[70,70,70,70,70,70,70,70,70,70,70,70,70,70,70,70,70,70,70,70,70,70,70,70,70,70,70,70,70,70,70,70,70,70,70,70,70,70,70,70,70,70,70,70,70,70,70,70,70,70],"relics":["Ring of the Snake","Vajra","Dream Catcher","Velvet Choker","Frozen Eye","Ancient Tea Set","White Beast Statue","Bag of Preparation","Girya","Bronze Scales"],"card_choices":[{"not_picked":["Calculated Gamble","Blade Dance"],"picked":"Poisoned Stab"},{"not_picked":["Heel Hook","Bane"],"picked":"Noxious Fumes"},{"not_picked":["Tactician","Poisoned Stab"],"picked":"Noxious Fumes"},{"not_picked":["Sucker Punch","Outmaneuver"],"picked":"Footwork"},{"not_picked":["Skewer","Underhanded Strike"],"picked":"Dash"},{"not_picked":["Deflect","Outmaneuver"],"picked":"Backflip"},{"not_picked":["Poisoned Stab","Outmaneuver"],"picked":"Backstab"}],"player_experience":1383147,"potions_floor_usage":[6,27,30,33,38,50,50],"damage_taken":[{"damage":0,"enemies":"Small Slimes","floor":1,"turns":4},{"damage":0,"enemies":"Jaw Worm","floor":4,"turns":4},{"damage":8,"enemies":"Lagavulin","floor":6,"turns":7},{"damage":0,"enemies":"2 Louse","floor":8,"turns":3},{"damage":0,"enemies":"Looter","floor":13,"turns":4},{"damage":0,"enemies":"2 Fungi Beasts","floor":14,"turns":3},{"damage":5,"enemies":"Hexaghost","floor":16,"turns":9},{"damage":1,"enemies":"Shell Parasite","floor":18,"turns":5},{"damage":2,"enemies":"3 Byrds","floor":19,"turns":5},{"damage":0,"enemies":"Snecko","floor":21,"turns":6},{"damage":0,"enemies":"Centurion and Healer","floor":25,"turns":6},{"damage":0,"enemies":"Cultist and Chosen","floor":27,"turns":6},{"damage":0,"enemies":"Snake Plant","floor":28,"turns":5},{"damage":5,"enemies":"Book of Stabbing","floor":30,"turns":5},{"damage":0,"enemies":"Centurion and Healer","floor":31,"turns":5},{"damage":0,"enemies":"Automaton","floor":33,"turns":9},{"damage":0,"enemies":"3 Shapes","floor":35,"turns":4},{"damage":0,"enemies":"Orb Walker","floor":38,"turns":4},{"damage":4,"enemies":"Nemesis","floor":41,"turns":9},{"damage":0,"enemies":"Maw","floor":48,"turns":9},{"damage":1,"enemies":"Awakened One","floor":50,"turns":18}],"event_choices":[{"event_name":"Golden Wing","player_choice":"Card Removal","floor":2,"damage_taken":0},{"event_name":"World of Goop","player_choice":"Gather Gold","floor":3,"damage_taken":0},{"event_name":"Shining Light","player_choice":"Entered Light","floor":5,"damage_taken":0},{"event_name":"Liars Game","player_choice":"disagreed","floor":11,"damage_taken":0},{"event_name":"The Lab","player_choice":"Got Potions","floor":20,"damage_taken":0},{"event_name":"Beggar","player_choice":"Gave Gold","floor":22,"damage_taken":0},{"event_name":"Mysterious Sphere","player_choice":"Ignore","floor":36,"damage_taken":0},{"event_name":"Tomb of Lord Red Mask","player_choice":"Ignored","floor":37,"damage_taken":0},{"event_name":"Upgrade Shrine","player_choice":"Upgraded","floor":46,"damage_taken":0}],"boss_relics":[{"not_picked":["The Specimen","Tiny House"],"picked":"Velvet Choker"},{"not_picked":["Pandora\u0027s Box","Philosopher\u0027s Stone"],"picked":"White Beast Statue"}],"potions_floor_spawned":[1,4,13,16,18,21,27,28,30,31,35,38,41,48],"seed_played":"302077673642097087","ascension_level":0,"is_trial":false}