{"path_per_floor":["M","M","M","M","M","R","M","R","T","E","?","M","R","M","R","B",null,"M","$","M","M","?","R","M","R","T","R","M","R","$","?","R","B",null,"M","M","?","M","M","R","?","$","T","M","M","R","?","M","R","B"],"character_chosen":"THE_SILENT","items_purchased":["Footwork","Reflex","Prepared"],"gold_per_floor":[115,134,153,170,184,184,197,197,197,224,224,238,238,249,249,352,352,371,227,244,261,261,261,281,281,281,281,295,295,160,85,85,188,188,204,215,215,225,239,239,239,90,115,127,146,146,0,11,11,11],"floor_reached":51,"campfire_rested":1,"playtime":14018,"current_hp_per_floor":[69,69,67,67,64,64,60,60,60,57,57,55,55,55,55,23,70,61,61,61,53,53,53,37,37,37,37,37,37,37,37,58,70,70,69,69,69,69,69,69,69,69,69,69,69,69,69,69,69,69],"items_purged":["Strike_G","Strike_G","Strike_G"],"gold":11,"score":580,"play_id":"f40972ce-75df-4d68-bc94-158b3bbf6d35","is_prod":false,"is_daily":false,"is_ascension_mode":false,"campfire_upgraded":11,"path_taken":["M","M","M","?","M","R","M","R","T","E","?","?","R","M","R","BOSS","M","$","M","M","?","R","M","R","T","R","M","R","$","?","R","BOSS","M","M","?","M","M","R","?","$","T","M","M","R","?","?","R","BOSS"],"build_version":"2018-02-22-PROD2","purchased_purges":3,"victory":true,"master_deck":["Defend_G","Defend_G","Defend_G","Defend_G","Survivor","Neutralize+1","Poisoned Stab","Dagger Throw+1","Cloak And Dagger","Flying Knee","Footwork+1","Backflip","Dagger Throw+1","Acrobatics+1","Tactician+1","Deflect","Footwork","Concentrate+1","Predator","Calculated Gamble+1","Backflip","Reflex+1","Tactician+1","Calculated Gamble+1","Prepared+1","Predator+1"],"max_hp_per_floor":[70,70,70,70,70,70,70,70,70,70,70,70,70,70,70,70,70,70,70,70,70,70,70,70,70,70,70,70,70,70,70,70,70,70,70,70,70,70,70,70,70,70,70,70,70,70,70,70,70,70],"relics":["Ring of the Snake","Omamori","Tingsha","Prayer Wheel","Cursed Key","Torii","Sozu","Orichalcum","Red Mask"],"card_choices":[{"not_picked":["Outmaneuver","Eviscerate"],"picked":"Poisoned Stab"},{"not_picked":["Outmaneuver","Blur"],"picked":"Dagger Throw"},{"not_picked":["Slice","Quick Slash"],"picked":"Cloak And Dagger"},{"not_picked":["Reflex","Crippling Poison"],"picked":"Flying Knee"},{"not_picked":["Prepared","Quick Slash"],"picked":"Footwork"},{"not_picked":["Flechettes","Phantasmal Killer"],"picked":"Backflip"},{"not_picked":["Deadly Poison","Masterful Stab"],"picked":"Dagger Throw"},{"not_picked":["Dagger Throw","Setup"],"picked":"Acrobatics"},{"not_picked":["Grand Finale","Wraith Form"],"picked":"Tactician"},{"not_picked":["Leg Sweep","Dodge and Roll"],"picked":"Deflect"},{"not_picked":["Finisher","Expertise"],"picked":"Concentrate"},{"not_picked":["Deflect","Dodge and Roll"],"picked":"Predator"},{"not_picked":["Flying Knee","Dodge and Roll"],"picked":"Calculated Gamble"},{"not_picked":["Dagger Throw","Crippling Poison"],"picked":"Backflip"},{"not_picked":["Storm of Steel","Bullet Time"],"picked":"Tactician"},{"not_picked":["Dagger Spray","Sucker Punch"],"picked":"Calculated Gamble"},{"not_picked":["Endless Agony","Underhanded Strike"],"picked":"Predator"}],"player_experience":1346110,"potions_floor_usage":[16,33,50,50,50],"damage_taken":[{"damage":1,"enemies":"Cultist","floor":1,"turns":4},{"damage":0,"enemies":"Small Slimes","floor":2,"turns":4},{"damage":2,"enemies":"Jaw Worm","floor":3,"turns":4},{"damage":0,"enemies":"2 Fungi Beasts","floor":4,"turns":4},{"damage":3,"enemies":"Lots of Slimes","floor":5,"turns":6},{"damage":4,"enemies":"Exordium Thugs","floor":7,"turns":5},{"damage":3,"enemies":"Lagavulin","floor":10,"turns":10},{"damage":2,"enemies":"3 Louse","floor":12,"turns":3},{"damage":0,"enemies":"Looter","floor":14,"turns":3},{"damage":32,"enemies":"Hexaghost","floor":16,"turns":13},{"damage":9,"enemies":"2 Thieves","floor":18,"turns":4},{"damage":0,"enemies":"Chosen","floor":20,"turns":5},{"damage":8,"enemies":"Snake Plant","floor":21,"turns":6},{"damage":16,"enemies":"Cultist and Chosen","floor":24,"turns":8},{"damage":0,"enemies":"Centurion and Healer","floor":28,"turns":5},{"damage":0,"enemies":"Champ","floor":33,"turns":9},{"damage":1,"enemies":"3 Shapes","floor":35,"turns":4},{"damage":0,"enemies":"Orb Walker","floor":36,"turns":3},{"damage":0,"enemies":"3 Darklings","floor":38,"turns":3},{"damage":0,"enemies":"Sphere and 2 Shapes","floor":39,"turns":3},{"damage":0,"enemies":"Maw","floor":44,"turns":6},{"damage":0,"enemies":"3 Darklings","floor":45,"turns":2},{"damage":0,"enemies":"4 Shapes","floor":48,"turns":2},{"damage":0,"enemies":"Awakened One","floor":50,"turns":4}],"event_choices":[{"event_name":"Living Wall","player_choice":"Forget","floor":11,"damage_taken":0},{"event_name":"Vampires","player_choice":"Ignored","floor":22,"damage_taken":0},{"event_name":"Beggar","player_choice":"Gave Gold","floor":31,"damage_taken":0},{"event_name":"Mysterious Sphere","player_choice":"Ignore","floor":37,"damage_taken":0},{"event_name":"Tomb of Lord Red Mask","player_choice":"Paid","floor":47,"damage_taken":0}],"boss_relics":[{"not_picked":["Snecko Eye","Orrery"],"picked":"Cursed Key"},{"not_picked":["Pandora\u0027s Box","The Specimen"],"picked":"Sozu"}],"potions_floor_spawned":[5,7,10,14,28,33,36,38,39,45],"seed_played":"-3069364405849199950","ascension_level":0,"is_trial":false}