{"path_per_floor":["M","?","M","?","$","E","R","M","T","R","?","?","M","E","R","B",null,"M","$","?","?","M","R","M","R","T","?","M","E","M","?","R","B",null,"M","$","?","M","?","R","?","R","T","M","M","R","M","E","R","B"],"character_chosen":"THE_SILENT","items_purchased":["Accuracy","Calipers"],"gold_per_floor":[118,118,136,136,61,391,391,408,408,408,464,439,455,484,484,582,582,582,406,406,406,346,346,346,346,346,346,346,346,346,346,346,346,346,346,36,36,36,36,36,0,0,0,0,0,0,0,0,0,0],"floor_reached":51,"campfire_rested":0,"playtime":1993,"current_hp_per_floor":[70,63,62,62,62,48,48,48,48,48,36,36,36,33,33,16,72,74,74,74,74,65,65,65,65,65,65,67,63,54,54,54,43,76,78,78,78,80,80,80,80,80,94,96,96,96,96,93,93,67],"items_purged":["Strike_G","Strike_G"],"gold":0,"score":578,"play_id":"8a12b0ad-f5a4-45b6-b6c6-060f1edacae9","is_prod":false,"is_daily":false,"is_ascension_mode":false,"campfire_upgraded":10,"path_taken":["M","?","M","?","$","E","R","?","T","R","?","?","M","E","R","BOSS","M","$","?","?","M","R","M","R","T","?","M","E","M","?","R","BOSS","M","$","?","M","?","R","?","R","T","M","M","R","M","E","R","BOSS"],"build_version":"2018-02-15-PROD1","purchased_purges":2,"victory":true,"master_deck":["Defend_G+1","Defend_G+1","Defend_G+1","Defend_G","Defend_G","Strike_G","Strike_G","Survivor+1","Neutralize+1","Doppelganger+1","Predator+1","Infinite Blades","Leg Sweep+1","Cloak And Dagger+1","Bullet Time+1","Accuracy+1","Predator+1","Terror+1","Backflip+1","A Thousand Cuts+1","Cloak And Dagger+1","Bullet Time+1","Writhe","Footwork+1","Cloak And Dagger+1"],"max_hp_per_floor":[70,70,70,70,70,70,70,70,70,70,72,72,72,72,72,72,72,74,74,74,74,74,74,74,74,74,74,76,76,76,76,76,76,76,78,78,78,80,80,80,80,80,94,96,96,96,96,98,98,98],"relics":["Ring of the Snake","Old Coin","Du-Vu Doll","Singing Bowl","Toxic Egg 2","Ectoplasm","Ninja Scroll","Regal Pillow","Snecko Eye","Calipers","Red Mask","Mango","Gremlin Horn"],"card_choices":[{"not_picked":["Masterful Stab","Dagger Spray"],"picked":"Predator"},{"not_picked":["Underhanded Strike","Bane"],"picked":"Infinite Blades"},{"not_picked":["Finisher","Dodge and Roll"],"picked":"Leg Sweep"},{"not_picked":["Underhanded Strike","Blur"],"picked":"Cloak And Dagger"},{"not_picked":["Wraith Form","Grand Finale"],"picked":"Bullet Time"},{"not_picked":["Finisher","Underhanded Strike"],"picked":"Terror"},{"not_picked":["Deadly Poison","Poisoned Stab"],"picked":"Backflip"},{"not_picked":["Eviscerate","Dagger Throw"],"picked":"A Thousand Cuts"},{"not_picked":["Leg Sweep","Underhanded Strike"],"picked":"Cloak And Dagger"},{"not_picked":["Phantasmal Killer","Envenom"],"picked":"Bullet Time"},{"not_picked":["Crippling Poison","Concentrate"],"picked":"Footwork"},{"not_picked":["Underhanded Strike","Masterful Stab"],"picked":"Cloak And Dagger"}],"player_experience":1286765,"potions_floor_usage":[6,14,16,29,29,33,35,48,48,50,50],"damage_taken":[{"damage":0,"enemies":"2 Louse","floor":1,"turns":3},{"damage":1,"enemies":"Cultist","floor":3,"turns":3},{"damage":14,"enemies":"3 Sentries","floor":6,"turns":9},{"damage":0,"enemies":"Small Slimes","floor":8,"turns":3},{"damage":14,"enemies":"Gremlin Nob","floor":11,"turns":4},{"damage":0,"enemies":"3 Louse","floor":13,"turns":4},{"damage":3,"enemies":"Lagavulin","floor":14,"turns":7},{"damage":17,"enemies":"The Guardian","floor":16,"turns":15},{"damage":0,"enemies":"3 Byrds","floor":18,"turns":4},{"damage":9,"enemies":"2 Thieves","floor":22,"turns":4},{"damage":0,"enemies":"Snecko","floor":24,"turns":3},{"damage":0,"enemies":"Centurion and Healer","floor":28,"turns":4},{"damage":4,"enemies":"Slavers","floor":29,"turns":4},{"damage":9,"enemies":"Sentry and Sphere","floor":30,"turns":4},{"damage":11,"enemies":"Collector","floor":33,"turns":6},{"damage":0,"enemies":"Orb Walker","floor":35,"turns":2},{"damage":0,"enemies":"3 Darklings","floor":38,"turns":3},{"damage":0,"enemies":"4 Shapes","floor":44,"turns":3},{"damage":0,"enemies":"Maw","floor":45,"turns":5},{"damage":0,"enemies":"3 Darklings","floor":47,"turns":3},{"damage":5,"enemies":"2 Orb Walkers","floor":48,"turns":3},{"damage":26,"enemies":"Awakened One","floor":50,"turns":10}],"event_choices":[{"event_name":"Wheel of Change","player_choice":"Damage","floor":2,"damage_taken":0},{"event_name":"Upgrade Shrine","player_choice":"Upgraded","floor":4,"damage_taken":0},{"event_name":"Dead Adventurer","player_choice":"Searched \u00271\u0027 times","floor":11,"damage_taken":0},{"event_name":"World of Goop","player_choice":"Left","floor":12,"damage_taken":0},{"event_name":"The Mausoleum","player_choice":"No","floor":20,"damage_taken":0},{"event_name":"The Library","player_choice":"Read","floor":21,"damage_taken":0},{"event_name":"Drug Dealer","player_choice":"Ignored","floor":27,"damage_taken":0},{"event_name":"Back to Basics","player_choice":"Elegance","floor":31,"damage_taken":0},{"event_name":"Mysterious Sphere","player_choice":"Ignore","floor":37,"damage_taken":0},{"event_name":"Winding Halls","player_choice":"Writhe","floor":39,"damage_taken":0},{"event_name":"Tomb of Lord Red Mask","player_choice":"Paid","floor":41,"damage_taken":0}],"boss_relics":[{"not_picked":["Astrolabe","Pandora\u0027s Box"],"picked":"Ectoplasm"},{"not_picked":["The Specimen","Runic Pyramid"],"picked":"Snecko Eye"}],"potions_floor_spawned":[1,11,11,13,14,28,29,33,45,47,48],"seed_played":"-2217644371063062360","ascension_level":0,"is_trial":false}