{"path_per_floor":["M","$","M","M","M","R","M","R","T","?","E","R","E","?","R","B",null,"M","$","M","M","?","R","M","R","T","M","E","R","E","$","R","B",null,"M","?","?","?","M","R","$","R","T","?","R","M","M","M","R","B"],"character_chosen":"THE_SILENT","items_purchased":["Paper Crane","Oddly Smooth Stone","Well Laid Plans","Endless Agony","Energy Potion"],"gold_per_floor":[211,136,154,167,182,182,197,197,197,197,256,256,287,287,287,416,416,441,53,74,98,23,23,43,43,123,137,180,180,224,124,124,248,248,268,268,268,268,286,286,5,5,5,5,5,21,46,64,64,64],"floor_reached":51,"campfire_rested":2,"playtime":2681,"current_hp_per_floor":[70,70,70,70,65,65,63,63,70,70,52,52,40,21,21,5,77,77,77,76,76,76,76,75,75,75,67,53,76,76,76,76,76,77,77,77,67,67,67,67,67,67,67,67,67,67,67,66,77,56],"items_purged":["Strike_G","Doubt","Dagger Throw"],"gold":64,"score":620,"play_id":"e1502e36-cc05-40bb-b8ab-57a3b8d96aec","is_prod":false,"is_daily":false,"is_ascension_mode":false,"campfire_upgraded":10,"path_taken":["M","$","M","M","M","R","M","R","T","?","E","R","E","?","R","BOSS","M","$","M","M","?","R","M","R","T","M","E","R","E","?","R","BOSS","M","?","?","?","M","R","$","R","T","?","R","M","?","M","R","BOSS"],"build_version":"2018-02-22-PROD2","purchased_purges":5,"victory":true,"master_deck":["Defend_G+1","Defend_G+1","Defend_G","Defend_G","Defend_G","Survivor","Neutralize+1","Predator+1","Quick Slash+1","PiercingWail","Die Die Die","Footwork+1","Footwork+1","Sucker Punch+1","Dodge and Roll+1","Backstab","Noxious Fumes+1","Finisher+1","Skewer+1","Dodge and Roll+1","Endless Agony+1","Madness","Madness","Well Laid Plans+1","Endless Agony","Writhe","Infinite Blades"],"max_hp_per_floor":[70,70,70,70,70,70,70,70,77,77,77,77,77,77,77,77,77,77,77,77,77,77,77,77,77,77,77,77,77,77,77,77,77,77,77,77,77,77,77,77,77,77,77,77,77,77,77,77,77,77],"relics":["Ring of the Snake","Strawberry","Tiny Chest","Mercury Hourglass","Golden Idol","Cursed Key","Paper Crane","Oddly Smooth Stone","Dodecahedron","Meat on the Bone","Shuriken","Astrolabe","Ornamental Fan"],"card_choices":[{"not_picked":["Slice","Sucker Punch"],"picked":"Predator"},{"not_picked":["Acrobatics","Flechettes"],"picked":"Dagger Throw"},{"not_picked":["Choke","Poisoned Stab"],"picked":"Quick Slash"},{"not_picked":["Outmaneuver","Acrobatics"],"picked":"PiercingWail"},{"not_picked":["Dodge and Roll","Outmaneuver"],"picked":"Die Die Die"},{"not_picked":["PiercingWail","Deflect"],"picked":"Prepared"},{"not_picked":["Cloak And Dagger","Flechettes"],"picked":"Footwork"},{"not_picked":["Poisoned Stab","Dash"],"picked":"Sucker Punch"},{"not_picked":["Acrobatics","Cloak And Dagger"],"picked":"Dodge and Roll"},{"not_picked":["Choke","Finisher"],"picked":"Backstab"},{"not_picked":["Concentrate","Deadly Poison"],"picked":"Noxious Fumes"},{"not_picked":["Sucker Punch","Caltrops"],"picked":"Endless Agony"},{"not_picked":["Bane","Crippling Poison"],"picked":"Infinite Blades"}],"player_experience":1386796,"potions_floor_usage":[16,16,28,33,35,50,50,50],"damage_taken":[{"damage":0,"enemies":"Jaw Worm","floor":1,"turns":4},{"damage":0,"enemies":"Cultist","floor":3,"turns":3},{"damage":0,"enemies":"2 Louse","floor":4,"turns":2},{"damage":5,"enemies":"Blue Slaver","floor":5,"turns":4},{"damage":2,"enemies":"Large Slime","floor":7,"turns":4},{"damage":18,"enemies":"Gremlin Nob","floor":11,"turns":4},{"damage":12,"enemies":"Lagavulin","floor":13,"turns":8},{"damage":16,"enemies":"The Guardian","floor":16,"turns":11},{"damage":0,"enemies":"Chosen","floor":18,"turns":4},{"damage":1,"enemies":"Shell Parasite","floor":20,"turns":5},{"damage":0,"enemies":"Snake Plant","floor":21,"turns":6},{"damage":1,"enemies":"Centurion and Healer","floor":24,"turns":7},{"damage":8,"enemies":"Snecko","floor":27,"turns":4},{"damage":14,"enemies":"Slavers","floor":28,"turns":4},{"damage":0,"enemies":"Gremlin Leader","floor":30,"turns":7},{"damage":0,"enemies":"Collector","floor":33,"turns":9},{"damage":0,"enemies":"3 Darklings","floor":35,"turns":6},{"damage":0,"enemies":"Orb Walker","floor":39,"turns":3},{"damage":0,"enemies":"4 Shapes","floor":46,"turns":5},{"damage":0,"enemies":"3 Darklings","floor":47,"turns":6},{"damage":1,"enemies":"Sphere and 2 Shapes","floor":48,"turns":5},{"damage":36,"enemies":"Donu and Deca","floor":50,"turns":11}],"event_choices":[{"event_name":"Match and Keep!","player_choice":"1 cards matched","floor":10,"damage_taken":0},{"event_name":"Golden Idol","player_choice":"Take Damage","floor":14,"damage_taken":0},{"event_name":"Beggar","player_choice":"Gave Gold","floor":22,"damage_taken":0},{"event_name":"Tomb of Lord Red Mask","player_choice":"Ignored","floor":36,"damage_taken":0},{"event_name":"Winding Halls","player_choice":"Embrace Madness","floor":37,"damage_taken":0},{"event_name":"Upgrade Shrine","player_choice":"Upgraded","floor":44,"damage_taken":0}],"boss_relics":[{"not_picked":["Black Star","Runic Dome"],"picked":"Cursed Key"},{"not_picked":["White Beast Statue","Eternal Feather"],"picked":"Astrolabe"}],"potions_floor_spawned":[1,7,11,16,18,20,24,30,35,47,48],"seed_played":"8270330360322815019","ascension_level":0,"is_trial":false}