{"path_per_floor":["M","?","?","T","M","R","M","R","T","R","$","R","$","M","R","B",null,"M","M","?","M","M","R","?","R","T","M","R","$","?","M","R","B",null,"M","?","?","M","M","R","M","R","T","M","$","T","$","?","R","B"],"character_chosen":"THE_SILENT","items_purchased":["Vajra","Noxious Fumes"],"gold_per_floor":[113,288,363,389,402,402,418,418,498,498,271,271,137,153,153,254,254,267,284,284,299,314,314,239,239,266,283,283,158,158,176,176,281,281,294,294,294,304,315,315,328,328,328,341,191,191,16,0,0,0],"floor_reached":51,"campfire_rested":2,"playtime":1776,"current_hp_per_floor":[63,63,52,52,52,52,52,52,52,52,52,52,52,52,52,29,63,56,56,40,40,40,40,40,40,40,40,40,40,40,40,58,41,63,63,63,55,55,55,55,55,63,63,63,63,63,63,63,63,63],"items_purged":["Strike_G","Doubt","Strike_G","Infinite Blades","Defend_G"],"gold":0,"score":535,"play_id":"93cec7aa-2d51-4b87-a101-4951fae00455","is_prod":false,"is_daily":false,"is_ascension_mode":false,"campfire_upgraded":10,"path_taken":["M","?","?","?","M","R","M","R","T","R","$","R","$","M","R","BOSS","M","M","?","M","?","R","?","R","T","M","R","$","?","M","R","BOSS","M","?","?","M","?","R","M","R","T","M","?","?","$","?","R","BOSS"],"build_version":"2018-02-22-PROD2","purchased_purges":6,"victory":true,"master_deck":["Defend_G+1","Defend_G","Defend_G","Defend_G+1","Survivor+1","Neutralize+1","Bouncing Flask+1","Noxious Fumes+1","Dash+1","Backflip+1","Necronomicurse","Leg Sweep+1","Blur+1","Predator+1","After Image","Madness+1","Madness","Acrobatics+1","Escape Plan+1"],"max_hp_per_floor":[63,63,63,63,63,63,63,63,63,63,63,63,63,63,63,63,63,63,63,63,63,63,63,63,63,63,63,63,63,63,63,63,63,63,63,63,63,63,63,63,63,63,63,63,63,63,63,63,63,63],"relics":["Ring of the Snake","Oddly Smooth Stone","Bottled Lightning","Vajra","Runic Dome","Necronomicon","Art of War","Sozu","Sundial","Frozen Eye","Red Mask"],"card_choices":[{"not_picked":["Dagger Spray","Underhanded Strike"],"picked":"Infinite Blades"},{"not_picked":["Underhanded Strike","Dodge and Roll"],"picked":"Bouncing Flask"},{"not_picked":["Sucker Punch","Dagger Spray"],"picked":"Dash"},{"not_picked":["Blur","Cloak And Dagger"],"picked":"Backflip"},{"not_picked":["Underhanded Strike","PiercingWail"],"picked":"Leg Sweep"},{"not_picked":["Escape Plan","Dodge and Roll"],"picked":"Blur"},{"not_picked":["Distraction","Outmaneuver"],"picked":"Predator"},{"not_picked":["Grand Finale","Phantasmal Killer"],"picked":"After Image"},{"not_picked":["Leg Sweep","Skewer"],"picked":"Acrobatics"},{"not_picked":["Outmaneuver","Bane"],"picked":"Escape Plan"}],"player_experience":1326916,"potions_floor_usage":[27,33,50,50],"damage_taken":[{"damage":0,"enemies":"Small Slimes","floor":1,"turns":4},{"damage":0,"enemies":"2 Louse","floor":5,"turns":3},{"damage":0,"enemies":"Jaw Worm","floor":7,"turns":5},{"damage":0,"enemies":"2 Fungi Beasts","floor":14,"turns":3},{"damage":23,"enemies":"Slime Boss","floor":16,"turns":11},{"damage":7,"enemies":"3 Byrds","floor":18,"turns":5},{"damage":0,"enemies":"Chosen","floor":19,"turns":5},{"damage":0,"enemies":"Slaver and Parasite","floor":21,"turns":7},{"damage":0,"enemies":"Snake Plant","floor":22,"turns":5},{"damage":0,"enemies":"Cultist and Chosen","floor":27,"turns":6},{"damage":0,"enemies":"Slaver and Parasite","floor":31,"turns":5},{"damage":17,"enemies":"Collector","floor":33,"turns":9},{"damage":0,"enemies":"3 Shapes","floor":35,"turns":5},{"damage":0,"enemies":"Orb Walker","floor":38,"turns":4},{"damage":0,"enemies":"3 Darklings","floor":39,"turns":4},{"damage":0,"enemies":"Sphere and 2 Shapes","floor":41,"turns":5},{"damage":0,"enemies":"4 Shapes","floor":44,"turns":5},{"damage":0,"enemies":"Awakened One","floor":50,"turns":12}],"event_choices":[{"event_name":"Liars Game","player_choice":"agreed","floor":2,"damage_taken":0},{"event_name":"World of Goop","player_choice":"Gather Gold","floor":3,"damage_taken":0},{"event_name":"Cursed Tome","player_choice":"Obtained Book","floor":20,"damage_taken":0},{"event_name":"Beggar","player_choice":"Gave Gold","floor":24,"damage_taken":0},{"event_name":"Vampires","player_choice":"Ignored","floor":30,"damage_taken":0},{"event_name":"Mysterious Sphere","player_choice":"Ignore","floor":36,"damage_taken":0},{"event_name":"Winding Halls","player_choice":"Embrace Madness","floor":37,"damage_taken":0},{"event_name":"Tomb of Lord Red Mask","player_choice":"Paid","floor":48,"damage_taken":0}],"boss_relics":[{"not_picked":["Velvet Choker","Philosopher\u0027s Stone"],"picked":"Runic Dome"},{"not_picked":["Snecko Eye","Eternal Feather"],"picked":"Sozu"}],"potions_floor_spawned":[5,14,19,22,27,31,35],"seed_played":"-753885824453572019","ascension_level":0,"is_trial":false}