{"path_per_floor":["M","?","M","M","M","R","E","R","T","M","R","$","?","M","R","B",null,"M","?","M","?","M","R","M","R","T","E","R","M","R","M","R","B",null,"M","M","$","?","?","R","M","R","T","M","R","M","$","M","R","B"],"character_chosen":"THE_SILENT","items_purchased":["Noxious Fumes","Vajra","Thread and Needle","PiercingWail","Noxious Fumes","Tiny Chest","Ninja Scroll","PiercingWail"],"gold_per_floor":[111,111,128,146,164,164,194,194,194,214,214,103,103,119,119,219,249,265,265,247,247,264,264,278,278,353,383,383,395,395,415,415,514,514,528,544,188,188,188,188,206,206,506,516,516,529,116,134,134,134],"floor_reached":51,"campfire_rested":2,"playtime":2227,"current_hp_per_floor":[70,70,70,66,66,66,55,55,55,51,51,51,44,55,55,38,75,66,50,42,28,40,40,52,52,52,45,45,45,45,45,69,69,80,75,75,75,65,65,65,65,65,65,65,65,65,65,65,80,80],"items_purged":["Strike_G","Strike_G","Strike_G"],"gold":134,"score":646,"play_id":"9161821a-1a88-4726-bae3-0f8150ee598d","local_time":"20180305162124","is_prod":false,"is_daily":false,"is_ascension_mode":false,"campfire_upgraded":11,"timestamp":1520263284,"path_taken":["M","?","?","M","M","R","E","R","T","M","R","$","?","M","R","BOSS","M","?","?","?","?","R","M","R","T","E","R","M","R","M","R","BOSS","M","M","$","?","?","R","M","R","T","M","R","M","$","M","R","BOSS"],"build_version":"2018-03-01-PROD1","purchased_purges":3,"victory":true,"master_deck":["Defend_G+1","Defend_G+1","Defend_G+1","Defend_G","Defend_G+1","Strike_G","Survivor+1","Neutralize+1","Cloak And Dagger+1","Deflect","Flying Knee+1","Dagger Throw","Well Laid Plans+1","Noxious Fumes+1","Tactician+1","Calculated Gamble","Deadly Poison+1","Necronomicurse","Dash+1","Backflip+1","Footwork+1","Adrenaline","Acrobatics+1","PiercingWail","Madness","Madness","Cloak And Dagger+1","Cloak And Dagger+1","Predator","Noxious Fumes","PiercingWail"],"max_hp_per_floor":[70,70,70,70,70,70,70,70,70,70,70,70,70,70,70,70,75,75,75,75,80,80,80,80,80,80,80,80,80,80,80,80,80,80,80,80,80,80,80,80,80,80,80,80,80,80,80,80,80,80],"relics":["Ring of the Snake","Meat on the Bone","Calipers","Tiny House","Necronomicon","The Courier","Dodecahedron","Sozu","Vajra","Thread and Needle","Old Coin","Tiny Chest","Ninja Scroll"],"card_choices":[{"not_picked":["Sucker Punch","Dagger Throw"],"picked":"Cloak And Dagger"},{"not_picked":["Crippling Poison","Prepared"],"picked":"Deflect"},{"not_picked":["PiercingWail","Dodge and Roll"],"picked":"Flying Knee"},{"not_picked":["Wraith Form","Masterful Stab"],"picked":"Dagger Throw"},{"not_picked":["Underhanded Strike","Slice"],"picked":"Well Laid Plans"},{"not_picked":["Phantasmal Killer","Doppelganger"],"picked":"Tactician"},{"not_picked":["Poisoned Stab","Outmaneuver"],"picked":"Calculated Gamble"},{"not_picked":["Concentrate","Choke"],"picked":"Deadly Poison"},{"not_picked":["Deflect","Noxious Fumes"],"picked":"Dash"},{"not_picked":["Heel Hook","Night Terror"],"picked":"Backflip"},{"not_picked":["Prepared","Dagger Spray"],"picked":"Footwork"},{"not_picked":["Tools of the Trade","Grand Finale"],"picked":"Adrenaline"},{"not_picked":["Deadly Poison","Blur"],"picked":"Acrobatics"},{"not_picked":["Masterful Stab","All Out Attack"],"picked":"Cloak And Dagger"},{"not_picked":["Backflip","Sucker Punch"],"picked":"Cloak And Dagger"},{"not_picked":["Dagger Throw","Backflip"],"picked":"Predator"}],"player_experience":1453991,"potions_floor_usage":[7,14,18,20,22,27,27,50,50],"damage_taken":[{"damage":0,"enemies":"Small Slimes","floor":1,"turns":3},{"damage":0,"enemies":"Cultist","floor":3,"turns":4},{"damage":4,"enemies":"Jaw Worm","floor":4,"turns":7},{"damage":0,"enemies":"3 Louse","floor":5,"turns":4},{"damage":11,"enemies":"Lagavulin","floor":7,"turns":6},{"damage":4,"enemies":"Gremlin Gang","floor":10,"turns":5},{"damage":1,"enemies":"Exordium Wildlife","floor":14,"turns":5},{"damage":17,"enemies":"Slime Boss","floor":16,"turns":10},{"damage":9,"enemies":"Chosen","floor":18,"turns":6},{"damage":8,"enemies":"2 Thieves","floor":20,"turns":4},{"damage":0,"enemies":"Snecko","floor":22,"turns":5},{"damage":0,"enemies":"Centurion and Healer","floor":24,"turns":5},{"damage":31,"enemies":"Slavers","floor":27,"turns":5},{"damage":0,"enemies":"Cultist and Chosen","floor":29,"turns":8},{"damage":0,"enemies":"Snecko","floor":31,"turns":6},{"damage":0,"enemies":"Champ","floor":33,"turns":16},{"damage":5,"enemies":"3 Darklings","floor":35,"turns":5},{"damage":0,"enemies":"Orb Walker","floor":36,"turns":3},{"damage":0,"enemies":"Maw","floor":41,"turns":8},{"damage":0,"enemies":"4 Shapes","floor":44,"turns":6},{"damage":0,"enemies":"Sphere and 2 Shapes","floor":46,"turns":6},{"damage":0,"enemies":"Maw","floor":48,"turns":7},{"damage":0,"enemies":"Donu and Deca","floor":50,"turns":9}],"event_choices":[{"event_name":"The Lab","player_choice":"Got Potions","floor":2,"damage_taken":0},{"event_name":"Golden Wing","player_choice":"Card Removal","floor":13,"damage_taken":0},{"event_name":"Cursed Tome","player_choice":"Obtained Book","floor":19,"damage_taken":0},{"event_name":"Forgotten Altar","player_choice":"Shed Blood","floor":21,"damage_taken":0},{"event_name":"Winding Halls","player_choice":"Embrace Madness","floor":38,"damage_taken":0},{"event_name":"Tomb of Lord Red Mask","player_choice":"Ignored","floor":39,"damage_taken":0}],"boss_relics":[{"not_picked":["The Specimen","Question Card"],"picked":"Tiny House"},{"not_picked":["Calling Bell","Runic Dome"],"picked":"Sozu"}],"potions_floor_spawned":[5,7,14,20,24,27,31,44,46],"seed_played":"-7751130777307605247","ascension_level":0,"is_trial":false}