{"path_per_floor":["M","?","M","$","?","M","R","M","T","R","E","T","R","M","R","B",null,"M","?","?","?","M","R","E","R","T","E","R","$","M","?","R","B",null,"M","$","M","?","?","?","$","M","T","T","M","R","M","T","R","B"],"character_chosen":"THE_SILENT","items_purchased":["Dash","Oddly Smooth Stone","Gambling Chip"],"gold_per_floor":[119,119,137,58,58,68,68,79,102,102,135,435,435,446,446,550,550,563,563,488,488,505,505,530,530,553,614,614,105,118,118,118,216,216,228,128,146,146,146,146,21,39,39,66,84,84,94,143,143,143],"floor_reached":51,"campfire_rested":1,"playtime":2679,"current_hp_per_floor":[70,37,39,39,32,34,34,36,43,43,45,45,45,46,46,23,77,72,72,72,56,56,56,40,77,77,77,77,77,77,77,77,15,77,74,74,76,77,77,77,77,76,76,76,77,77,77,77,77,77],"items_purged":["Strike_G","Slice","Strike_G"],"gold":143,"score":781,"play_id":"b71ba67b-4325-4374-992f-85f197737439","local_time":"20180310043436","is_prod":false,"is_daily":false,"is_ascension_mode":false,"campfire_upgraded":9,"timestamp":1520652876,"path_taken":["M","?","M","$","?","M","R","?","T","R","E","?","R","M","R","BOSS","M","?","?","?","?","R","E","R","T","E","R","$","M","?","R","BOSS","M","$","M","?","?","?","$","M","T","?","M","R","M","?","R","BOSS"],"build_version":"2018-03-09","purchased_purges":3,"victory":true,"master_deck":["Defend_G+1","Defend_G+1","Defend_G+1","Defend_G+1","Defend_G+1","Survivor+1","Neutralize+1","Flying Knee+1","Blur+1","Dash+1","Sucker Punch+1","PiercingWail","Predator+1","Phantasmal Killer+1","Quick Slash+1","Dash+1","Backflip+1","Doppelganger+1"],"max_hp_per_floor":[70,70,70,70,70,70,70,70,77,77,77,77,77,77,77,77,77,77,77,77,77,77,77,77,77,77,77,77,77,77,77,77,77,77,77,77,77,77,77,77,77,77,77,77,77,77,77,77,77,77],"relics":["Ring of the Snake","Blood Vial","Strawberry","Regal Pillow","Old Coin","Lizard Tail","Nilry\u0027s Codex","Toolbox","Whetstone","Tiny Chest","Oddly Smooth Stone","Gambling Chip","Snecko Eye","Ginger","Happy Flower","Lantern"],"card_choices":[{"not_picked":["Blade Dance","Blur"],"picked":"Flying Knee"},{"not_picked":["Calculated Gamble","Deadly Poison"],"picked":"Blur"},{"not_picked":["Poisoned Stab","Outmaneuver"],"picked":"Sucker Punch"},{"not_picked":["Dodge and Roll","Poisoned Stab"],"picked":"PiercingWail"},{"not_picked":["Prepared","Blur"],"picked":"Predator"},{"not_picked":["Unload","Wraith Form"],"picked":"Phantasmal Killer"},{"not_picked":["Eviscerate","Crippling Poison"],"picked":"Quick Slash"},{"not_picked":["All Out Attack","PiercingWail"],"picked":"Dash"},{"not_picked":["Setup","Prepared"],"picked":"Backflip"},{"not_picked":["Storm of Steel","Night Terror"],"picked":"Doppelganger"},{"not_picked":["Outmaneuver","Dagger Throw"],"picked":"Footwork"}],"player_experience":1496042,"potions_floor_usage":[16,18,24,24,30,50,50],"damage_taken":[{"damage":0,"enemies":"Small Slimes","floor":1,"turns":3},{"damage":0,"enemies":"2 Louse","floor":3,"turns":4},{"damage":0,"enemies":"Jaw Worm","floor":6,"turns":4},{"damage":0,"enemies":"Blue Slaver","floor":8,"turns":5},{"damage":0,"enemies":"3 Sentries","floor":11,"turns":8},{"damage":1,"enemies":"Exordium Wildlife","floor":14,"turns":4},{"damage":25,"enemies":"Hexaghost","floor":16,"turns":13},{"damage":5,"enemies":"3 Byrds","floor":18,"turns":7},{"damage":2,"enemies":"Spheric Guardian","floor":22,"turns":3},{"damage":33,"enemies":"Book of Stabbing","floor":24,"turns":7},{"damage":0,"enemies":"Gremlin Leader","floor":27,"turns":7},{"damage":0,"enemies":"Snecko","floor":30,"turns":4},{"damage":62,"enemies":"Champ","floor":33,"turns":16},{"damage":3,"enemies":"3 Darklings","floor":35,"turns":7},{"damage":0,"enemies":"3 Shapes","floor":37,"turns":5},{"damage":1,"enemies":"Sphere and 2 Shapes","floor":42,"turns":10},{"damage":0,"enemies":"4 Shapes","floor":45,"turns":6},{"damage":0,"enemies":"Maw","floor":47,"turns":7},{"damage":0,"enemies":"Awakened One","floor":50,"turns":18}],"event_choices":[{"event_name":"Scrap Ooze","player_choice":"success","floor":2,"damage_taken":33},{"event_name":"Golden Wing","player_choice":"Card Removal","floor":5,"damage_taken":0},{"event_name":"Back to Basics","player_choice":"Simplicity","floor":19,"damage_taken":0},{"event_name":"Beggar","player_choice":"Gave Gold","floor":20,"damage_taken":0},{"event_name":"Cursed Tome","player_choice":"Obtained Book","floor":21,"damage_taken":0},{"event_name":"Vampires","player_choice":"Ignored","floor":31,"damage_taken":0},{"event_name":"Winding Halls","player_choice":"Writhe","floor":38,"damage_taken":0},{"event_name":"Purifier","player_choice":"One Purge","floor":40,"damage_taken":0}],"boss_relics":[{"not_picked":["Runic Dome","Runic Pyramid"],"picked":"Lizard Tail"},{"not_picked":["Orrery","Astrolabe"],"picked":"Snecko Eye"}],"potions_floor_spawned":[1,6,11,14,27,30,42,47],"seed_played":"-225243133772817343","ascension_level":0,"is_trial":false}