{"path_per_floor":["M","?","?","M","$","M","R","M","T","E","?","R","M","E","R","B",null,"M","M","$","M","?","R","E","R","T","R","M","?","R","E","R","B",null,"M","$","?","M","T","M","R","?","T","M","R","M","M","$","R","B"],"character_chosen":"THE_SILENT","items_purchased":["Lantern","Infinite Blades","War Paint","Backflip","Footwork","Panache"],"gold_per_floor":[113,188,188,200,49,60,60,77,152,179,179,179,193,218,218,316,346,362,382,75,90,90,90,121,121,121,121,133,133,133,168,168,270,270,281,104,104,124,124,143,143,143,212,226,226,239,252,22,22,22],"floor_reached":51,"campfire_rested":0,"playtime":2338,"current_hp_per_floor":[70,59,59,59,59,59,59,59,59,50,52,52,52,51,51,44,89,89,89,89,86,70,70,70,70,70,70,70,70,70,65,65,33,89,89,89,89,89,89,89,89,89,89,83,83,83,83,83,83,83],"items_purged":["Strike_G","Strike_G","Strike_G"],"gold":22,"score":795,"play_id":"84cea864-38eb-4349-a837-2046d88a70c2","local_time":"20180325015014","is_prod":false,"is_daily":false,"is_ascension_mode":false,"campfire_upgraded":11,"timestamp":1521939014,"path_taken":["M","?","?","?","$","M","R","M","T","E","?","R","?","E","R","BOSS","M","?","$","M","?","R","E","R","T","R","M","?","R","E","R","BOSS","M","$","?","M","?","M","R","?","T","M","R","M","M","$","R","BOSS"],"build_version":"2018-03-22v2","purchased_purges":3,"victory":true,"master_deck":["Defend_G","Defend_G","Defend_G","Defend_G+1","Defend_G+1","Strike_G","Survivor","Neutralize+1","Dagger Spray+1","Malaise+1","Quick Slash+1","Predator+1","Escape Plan+1","Adrenaline","Slice+1","Infinite Blades","Backflip+1","Slice","Noxious Fumes+1","Cloak And Dagger+1","Finisher+1","After Image","Finisher+1","Footwork+1","Dash+1","Footwork+1","Panache+1"],"max_hp_per_floor":[70,70,70,70,70,70,70,70,70,70,84,84,84,84,84,84,89,89,89,89,89,89,89,89,89,89,89,89,89,89,89,89,89,89,89,89,89,89,89,89,89,89,89,89,89,89,89,89,89,89],"relics":["Ring of the Snake","Lantern","Centennial Puzzle","Ornamental Fan","Mango","Bronze Scales","Tiny House","War Paint","Nilry\u0027s Codex","Blue Candle","Happy Flower","Omamori","Sozu","Ginger","Smiling Mask"],"card_choices":[{"not_picked":["Escape Plan","Poisoned Stab"],"picked":"Dagger Spray","floor":1},{"not_picked":["Slice","Dagger Throw"],"picked":"Malaise","floor":4},{"not_picked":["Prepared","Heel Hook"],"picked":"Quick Slash","floor":6},{"not_picked":["Slice","Choke"],"picked":"Predator","floor":8},{"not_picked":["Riddle With Holes","Bane"],"picked":"Escape Plan","floor":10},{"not_picked":["Grand Finale","A Thousand Cuts"],"picked":"Adrenaline","floor":16},{"not_picked":["Deflect","Deadly Poison"],"picked":"Slice","floor":19},{"not_picked":["PiercingWail","Eviscerate"],"picked":"Slice","floor":21},{"not_picked":["Infinite Blades","Expertise"],"picked":"Noxious Fumes","floor":24},{"not_picked":["Poisoned Stab","Prepared"],"picked":"Cloak And Dagger","floor":28},{"not_picked":["Burst","Glass Knife"],"picked":"After Image","floor":33},{"not_picked":["Outmaneuver","Reflex"],"picked":"Finisher","floor":35},{"not_picked":["Underhanded Strike","Calculated Gamble"],"picked":"Dash","floor":38}],"player_experience":1594809,"potions_floor_usage":[8,10,14,28,28,44],"damage_taken":[{"damage":0,"enemies":"Small Slimes","floor":1,"turns":3},{"damage":0,"enemies":"2 Louse","floor":4,"turns":3},{"damage":0,"enemies":"Jaw Worm","floor":6,"turns":4},{"damage":0,"enemies":"Exordium Thugs","floor":8,"turns":5},{"damage":9,"enemies":"Gremlin Nob","floor":10,"turns":3},{"damage":0,"enemies":"2 Fungi Beasts","floor":13,"turns":2},{"damage":1,"enemies":"3 Sentries","floor":14,"turns":6},{"damage":7,"enemies":"Hexaghost","floor":16,"turns":10},{"damage":0,"enemies":"Shell Parasite","floor":18,"turns":6},{"damage":0,"enemies":"3 Byrds","floor":19,"turns":2},{"damage":3,"enemies":"Snake Plant","floor":21,"turns":3},{"damage":0,"enemies":"Book of Stabbing","floor":24,"turns":5},{"damage":0,"enemies":"3 Cultists","floor":28,"turns":4},{"damage":5,"enemies":"Gremlin Leader","floor":31,"turns":7},{"damage":32,"enemies":"Collector","floor":33,"turns":8},{"damage":0,"enemies":"Orb Walker","floor":35,"turns":1},{"damage":0,"enemies":"3 Darklings","floor":38,"turns":4},{"damage":0,"enemies":"4 Shapes","floor":40,"turns":5},{"damage":6,"enemies":"Maw","floor":44,"turns":7},{"damage":0,"enemies":"Sphere and 2 Shapes","floor":46,"turns":4},{"damage":0,"enemies":"4 Shapes","floor":47,"turns":5},{"damage":0,"enemies":"Time Eater","floor":50,"turns":12}],"event_choices":[{"event_name":"World of Goop","player_choice":"Gather Gold","floor":2,"damage_taken":0},{"event_name":"Living Wall","player_choice":"Forget","floor":3,"damage_taken":0},{"event_name":"Scrap Ooze","player_choice":"success","floor":11,"damage_taken":12},{"event_name":"Cursed Tome","player_choice":"Obtained Book","floor":22,"damage_taken":0},{"event_name":"The Library","player_choice":"Read","floor":29,"damage_taken":0},{"event_name":"Mysterious Sphere","player_choice":"Ignore","floor":37,"damage_taken":0},{"event_name":"Duplicator","player_choice":"One dupe","floor":42,"damage_taken":0}],"boss_relics":[{"not_picked":["Eternal Feather","Pandora\u0027s Box"],"picked":"Tiny House"},{"not_picked":["Astrolabe","Runic Dome"],"picked":"Sozu"}],"potions_floor_spawned":[4,8,10,18,21,24,33,38,46,47],"seed_played":"-4135998887403359379","ascension_level":0,"is_trial":false}