{"path_per_floor":["M","$","?","M","?","E","?","R","T","?","M","R","M","E","R","B",null,"M","$","M","?","?","R","E","R","T","?","E","?","$","M","R","B",null,"M","?","?","M","M","R","M","M","T","M","M","M","M","?","R","B"],"character_chosen":"THE_SILENT","items_purchased":["Dash","Footwork","Bag of Preparation","Cloak And Dagger","Dash"],"gold_per_floor":[119,42,42,53,53,81,136,136,163,238,248,248,258,289,289,391,391,406,12,16,16,16,16,41,41,41,41,75,125,75,87,87,192,192,207,207,257,268,284,284,303,315,364,381,400,418,428,428,428,428],"floor_reached":51,"campfire_rested":1,"playtime":3001,"current_hp_per_floor":[70,70,70,70,70,53,40,40,40,29,29,50,50,39,39,8,70,70,70,68,68,68,68,59,59,59,59,55,55,55,55,55,29,70,64,64,57,57,57,57,55,55,55,55,37,37,22,61,61,36],"items_purged":["Prepared","Underhanded Strike"],"gold":428,"score":723,"play_id":"3b3fdcd4-3dbd-486c-bcac-cb455551cdab","local_time":"20180328060156","is_prod":false,"is_daily":false,"is_ascension_mode":false,"campfire_upgraded":7,"timestamp":1522209716,"path_taken":["M","$","?","M","?","E","?","R","T","?","M","R","M","E","R","BOSS","M","$","M","?","?","R","E","R","T","?","E","?","$","M","R","BOSS","M","?","?","M","M","R","M","M","T","M","M","M","M","?","R","BOSS"],"build_version":"2018-03-22v2","purchased_purges":2,"victory":true,"master_deck":["Survivor","Neutralize+1","Cloak And Dagger+1","Dash+1","Flying Knee","Dark Shackles","Tools of the Trade+1","Slice","Sucker Punch","Slice","Blur","Envenom+1","All Out Attack","PiercingWail","Quick Slash","Sucker Punch","Dash","Footwork","Footwork","Cloak And Dagger+1","Dash","Dash","Cloak And Dagger+1","Adrenaline","Bullet Time","Bouncing Flask+1","Venomology+1","Burst+1","Escape Plan","Envenom+1","Dodge and Roll+1","PiercingWail","Blur+1","Backflip+1","PiercingWail+1","Dash"],"max_hp_per_floor":[70,70,70,70,70,70,70,70,70,70,70,70,70,70,70,70,70,70,70,70,70,70,70,70,70,70,70,70,70,70,70,70,70,70,70,70,70,70,70,70,70,70,70,70,70,70,70,61,61,61],"relics":["Ring of the Snake","Prayer Wheel","Dream Catcher","Bag of Marbles","Lantern","Smiling Mask","Pandora\u0027s Box","Bag of Preparation","Bottled Flame","Juzu Bracelet","Gremlin Horn","Nloth\u0027s Gift","Oddly Smooth Stone","Astrolabe","Du-Vu Doll","Art of War"],"card_choices":[{"not_picked":["Finisher","Bane"],"picked":"Cloak And Dagger","floor":1.0},{"not_picked":["Skewer","Backflip"],"picked":"Flying Knee","floor":4.0},{"not_picked":["Flying Knee","Tools of the Trade"],"picked":"Slice","floor":6.0},{"not_picked":["Eviscerate","Catalyst"],"picked":"Sucker Punch","floor":7.0},{"not_picked":["Deflect","All Out Attack"],"picked":"Slice","floor":9.0},{"not_picked":["PiercingWail","Poisoned Stab"],"picked":"Blur","floor":12.0},{"not_picked":["Storm of Steel","Doppelganger"],"picked":"Envenom","floor":16.0},{"not_picked":["Deflect","Flying Knee"],"picked":"Footwork","floor":18.0},{"not_picked":["Caltrops","Infinite Blades"],"picked":"Dash","floor":20.0},{"not_picked":["Backflip","Dagger Spray"],"picked":"Adrenaline","floor":28.0},{"not_picked":["Unload","Wraith Form"],"picked":"Bullet Time","floor":33},{"not_picked":["Slice","Outmaneuver"],"picked":"Escape Plan","floor":35},{"not_picked":["Endless Agony","Masterful Stab"],"picked":"Dodge and Roll","floor":37},{"not_picked":["Flying Knee","Poisoned Stab"],"picked":"PiercingWail","floor":39},{"not_picked":["Dagger Throw","Sucker Punch"],"picked":"Blur","floor":43},{"not_picked":["Concentrate","Calculated Gamble"],"picked":"Backflip","floor":45},{"not_picked":["A Thousand Cuts","Acrobatics"],"picked":"PiercingWail","floor":46},{"not_picked":["Sucker Punch","Deflect"],"picked":"Dash","floor":47}],"player_experience":1617218,"potions_floor_usage":[33,37,38,39,41,41,42,46,47,50,50,50,50],"damage_taken":[{"damage":0.0,"enemies":"2 Louse","floor":1.0,"turns":4.0},{"damage":0.0,"enemies":"Small Slimes","floor":4.0,"turns":4.0},{"damage":17.0,"enemies":"Gremlin Nob","floor":6.0,"turns":4.0},{"damage":13.0,"enemies":"Gremlin Nob","floor":7.0,"turns":5.0},{"damage":0.0,"enemies":"Cultist","floor":11.0,"turns":2.0},{"damage":0.0,"enemies":"3 Louse","floor":13.0,"turns":4.0},{"damage":11.0,"enemies":"Lagavulin","floor":14.0,"turns":10.0},{"damage":31.0,"enemies":"Hexaghost","floor":16.0,"turns":16.0},{"damage":0.0,"enemies":"Chosen","floor":18.0,"turns":3.0},{"damage":2.0,"enemies":"2 Thieves","floor":20.0,"turns":4.0},{"damage":9.0,"enemies":"Slavers","floor":24.0,"turns":7.0},{"damage":4.0,"enemies":"Book of Stabbing","floor":28.0,"turns":5.0},{"damage":0.0,"enemies":"Centurion and Healer","floor":31.0,"turns":6.0},{"damage":26,"enemies":"Collector","floor":33,"turns":13},{"damage":6,"enemies":"Orb Walker","floor":35,"turns":5},{"damage":7,"enemies":"Mysterious Sphere","floor":37,"turns":4},{"damage":0,"enemies":"3 Shapes","floor":38,"turns":3},{"damage":0,"enemies":"Maw","floor":39,"turns":9},{"damage":2,"enemies":"Sphere and 2 Shapes","floor":41,"turns":5},{"damage":0,"enemies":"3 Darklings","floor":42,"turns":4},{"damage":0,"enemies":"4 Shapes","floor":44,"turns":6},{"damage":18,"enemies":"Maw","floor":45,"turns":7},{"damage":0,"enemies":"3 Darklings","floor":46,"turns":5},{"damage":15,"enemies":"Sphere and 2 Shapes","floor":47,"turns":7},{"damage":25,"enemies":"Donu and Deca","floor":50,"turns":13}],"event_choices":[{"event_name":"Liars Game","player_choice":"disagreed","floor":3.0,"damage_taken":0.0},{"event_name":"Match and Keep!","player_choice":"2 cards matched","floor":5.0,"damage_taken":0.0},{"event_name":"Dead Adventurer","player_choice":"Searched \u00272\u0027 times","floor":7.0,"damage_taken":0.0},{"event_name":"World of Goop","player_choice":"Gather Gold","floor":10.0,"damage_taken":0.0},{"event_name":"The Library","player_choice":"Read","floor":21.0,"damage_taken":0.0},{"event_name":"Beggar","player_choice":"Ignored","floor":22.0,"damage_taken":0.0},{"event_name":"N\u0027loth","player_choice":"Traded a Matryoshka","floor":27.0,"damage_taken":0.0},{"event_name":"The Joust","player_choice":"Bet on Murderer","floor":29.0,"damage_taken":0.0},{"event_name":"Duplicator","player_choice":"One dupe","floor":36,"damage_taken":0},{"event_name":"Mysterious Sphere","player_choice":"Fight","floor":37,"damage_taken":0},{"event_name":"The Moai Head","player_choice":"Heal","floor":48,"damage_taken":0}],"boss_relics":[{"not_picked":["Tiny House","Calling Bell"],"picked":"Astrolabe"}],"potions_floor_spawned":[1,4,11,16,20,24,31,37,39,41,44,47],"seed_played":"-1701111401455218008","ascension_level":0,"is_trial":false}