{"path_per_floor":["M","?","M","M","M","E","R","M","T","?","$","E","R","E","R","B",null,"M","M","?","M","$","R","E","R","T","?","M","$","?","M","R","B",null,"M","?","?","?","M"],"character_chosen":"IRONCLAD","items_purchased":["Orichalcum","Juzu Bracelet","Pommel Strike"],"gold_per_floor":[116,116,136,148,167,194,194,214,284,284,66,94,94,129,129,230,230,242,259,259,277,33,33,64,64,64,64,84,33,33,47,47,147,147,166,166,166,166,182],"floor_reached":40,"campfire_rested":3,"playtime":1569,"current_hp_per_floor":[79,79,79,80,69,45,69,71,71,64,64,52,52,48,80,42,80,80,80,80,69,69,69,46,80,80,80,74,74,74,76,76,59,80,39,39,39,59,41],"items_purged":["Defend_R","Defend_R"],"gold":182,"score":430,"play_id":"16e7dbf4-f179-4890-b832-ef6a14367321","is_prod":false,"is_daily":false,"is_ascension_mode":true,"campfire_upgraded":3,"path_taken":["M","?","?","?","M","E","R","M","T","?","$","E","R","E","R","BOSS","M","?","?","M","?","R","E","R","T","?","M","$","?","M","R","BOSS","M","?","?","?","M","E"],"build_version":"2018-02-15-PROD1","purchased_purges":2,"victory":false,"master_deck":["Strike_R","Strike_R","Defend_R","Bash","Flex","Headbutt","Battle Trance","Thunderclap+1","Offering","Cleave","Shrug It Off+1","Spot Weakness","Dropkick","Warcry","Pommel Strike","Limit Break+1","Exhume","Metallicize+1","Writhe","Pommel Strike"],"max_hp_per_floor":[80,80,80,80,80,80,80,80,80,80,80,80,80,80,80,80,80,80,80,80,80,80,80,80,80,80,80,80,80,80,80,80,80,80,80,80,80,80,80],"relics":["Black Blood","Champion Belt","Frozen Egg 2","Orichalcum","Mercury Hourglass","Regal Pillow","White Beast Statue","Juzu Bracelet","Torii","Girya"],"card_choices":[{"not_picked":["Anger","Sever Soul"],"picked":"Flex"},{"not_picked":["Intimidate","Havoc"],"picked":"Headbutt"},{"not_picked":["Clash","Wild Strike"],"picked":"Battle Trance"},{"not_picked":["Heavy Blade","Headbutt"],"picked":"Thunderclap"},{"not_picked":["Twin Strike","Cleave"],"picked":"Offering"},{"not_picked":["Clothesline","Carnage"],"picked":"Cleave"},{"not_picked":["Wild Strike","Perfected Strike"],"picked":"Shrug It Off"},{"not_picked":["Body Slam","Wild Strike"],"picked":"Spot Weakness"},{"not_picked":["True Grit","Fire Breathing"],"picked":"Dropkick"},{"not_picked":["Flex","Thunderclap"],"picked":"Limit Break"},{"not_picked":["Demon Form","Fiend Fire"],"picked":"Exhume"},{"not_picked":["Reckless Charge","True Grit"],"picked":"Metallicize"},{"not_picked":["Battle Trance","Perfected Strike"],"picked":"Pommel Strike"}],"player_experience":103075,"potions_floor_usage":[4,6,21,21,24,24,28,31,33,40,40,40],"damage_taken":[{"damage":7,"enemies":"Jaw Worm","floor":1,"turns":3},{"damage":6,"enemies":"Cultist","floor":3,"turns":3},{"damage":0,"enemies":"2 Louse","floor":4,"turns":2},{"damage":17,"enemies":"Blue Slaver","floor":5,"turns":5},{"damage":30,"enemies":"3 Sentries","floor":6,"turns":6},{"damage":4,"enemies":"2 Fungi Beasts","floor":8,"turns":2},{"damage":18,"enemies":"Gremlin Nob","floor":12,"turns":4},{"damage":10,"enemies":"3 Sentries","floor":14,"turns":3},{"damage":44,"enemies":"The Guardian","floor":16,"turns":10},{"damage":4,"enemies":"3 Byrds","floor":18,"turns":3},{"damage":4,"enemies":"Chosen","floor":19,"turns":3},{"damage":17,"enemies":"Centurion and Healer","floor":21,"turns":4},{"damage":29,"enemies":"Slavers","floor":24,"turns":4},{"damage":12,"enemies":"Snake Plant","floor":28,"turns":4},{"damage":4,"enemies":"Sentry and Sphere","floor":31,"turns":3},{"damage":23,"enemies":"Automaton","floor":33,"turns":6},{"damage":51,"enemies":"3 Darklings","floor":35,"turns":3},{"damage":28,"enemies":"3 Shapes","floor":39,"turns":3},{"damage":46,"enemies":"Giant Head","floor":40,"turns":6}],"event_choices":[{"event_name":"Purifier","player_choice":"One Purge","floor":2,"damage_taken":0},{"event_name":"Golden Wing","player_choice":"Card Removal","floor":10,"damage_taken":0},{"event_name":"Drug Dealer","player_choice":"Ignored","floor":20,"damage_taken":0},{"event_name":"The Library","player_choice":"Read","floor":27,"damage_taken":0},{"event_name":"Back to Basics","player_choice":"Elegance","floor":30,"damage_taken":0},{"event_name":"Tomb of Lord Red Mask","player_choice":"Ignored","floor":36,"damage_taken":0},{"event_name":"Winding Halls","player_choice":"Writhe","floor":38,"damage_taken":0}],"boss_relics":[{"not_picked":["Ectoplasm","Lizard Tail"],"picked":"White Beast Statue"},{"not_picked":["Astrolabe","Cursed Key"],"picked":"Black Blood"}],"potions_floor_spawned":[3,5,8,18,19,21,24,28,31,33,35,39],"seed_played":"7516626872537597016","killed_by":"Giant Head","ascension_level":3,"is_trial":false}