{"path_per_floor":["M","M","$","M","M","E","R","$","T","E","M","E","M","?","R","B",null,"M","?","?","M","M","R","$","E","T","R","M","E","M","M","R","B",null,"M","$","?","$","?","R","M","R","T","M","R","E","T","?","R"],"character_chosen":"IRONCLAD","items_purchased":["Flash of Steel","Whirlwind","Lantern","Block Potion","Bottled Flame","Flex"],"gold_per_floor":[112,127,25,37,55,86,86,5,5,31,42,67,78,78,78,182,212,227,227,152,170,180,180,18,46,46,46,61,88,101,113,113,209,209,219,29,29,9,9,9,25,25,51,62,62,124,124,124,124],"floor_reached":50,"campfire_rested":4,"playtime":1465,"current_hp_per_floor":[80,80,80,79,82,60,60,60,60,55,51,43,52,45,73,25,103,86,86,86,88,84,84,84,73,73,73,80,35,39,47,79,83,109,112,112,112,112,112,112,90,90,90,68,101,84,84,84,112],"items_purged":[],"gold":124,"score":602,"play_id":"e0745de4-eace-4535-a67d-6b591c03cbe8","is_prod":false,"is_daily":false,"is_ascension_mode":true,"campfire_upgraded":2,"path_taken":["M","M","$","M","M","E","R","?","T","E","M","E","M","?","R","BOSS","M","?","?","M","M","R","$","E","T","R","M","E","?","M","R","BOSS","M","$","?","$","?","R","M","R","T","M","R","E","?","?","R","BOSS"],"build_version":"2018-02-15-PROD1","purchased_purges":0,"victory":false,"master_deck":["Strike_R+1","Strike_R","Defend_R","Defend_R","Defend_R","Bash","Thunderclap","Feed","Flash of Steel+1","Dropkick","Offering","Inflame+1","Limit Break","Whirlwind+1","Metallicize","Seeing Red","Dropkick+1","Offering","Pommel Strike+1"],"max_hp_per_floor":[80,80,80,83,86,89,89,89,89,89,92,92,95,95,95,98,103,103,103,103,103,103,103,103,106,106,106,109,109,109,109,109,109,109,112,112,112,112,112,112,112,112,112,112,112,112,112,112,112],"relics":["Burning Blood","Bag of Preparation","Thread and Needle","The Courier","Blue Candle","Tiny House","Lantern","Blood Vial","Shovel","Letter Opener","Pen Nib","Runic Dome","Bottled Flame","Bronze Scales","Art of War","Omamori","Tiny Chest","Torii"],"card_choices":[{"not_picked":["True Grit","Burning Pact"],"picked":"Thunderclap"},{"not_picked":["Flex","Sever Soul"],"picked":"Feed"},{"not_picked":["Body Slam","Sword Boomerang"],"picked":"Dropkick"},{"not_picked":["Perfected Strike","Dropkick"],"picked":"Offering"},{"not_picked":["Flex","Searing Blow"],"picked":"Inflame"},{"not_picked":["Brutality","Exhume"],"picked":"Limit Break"},{"not_picked":["Pommel Strike","Perfected Strike"],"picked":"Whirlwind"},{"not_picked":["Clothesline","Clash"],"picked":"Metallicize"},{"not_picked":["Heavy Blade","Rage"],"picked":"Seeing Red"},{"not_picked":["Clothesline","Pommel Strike"],"picked":"Dropkick"},{"not_picked":["Demon Form","Berserk"],"picked":"Offering"},{"not_picked":["Carnage","Twin Strike"],"picked":"Pommel Strike"}],"player_experience":106791,"potions_floor_usage":[5,10,12,13,22,22,25,29,33,33,50],"damage_taken":[{"damage":1,"enemies":"Cultist","floor":1,"turns":3},{"damage":4,"enemies":"2 Louse","floor":2,"turns":3},{"damage":10,"enemies":"Small Slimes","floor":4,"turns":3},{"damage":6,"enemies":"Looter","floor":5,"turns":2},{"damage":31,"enemies":"3 Sentries","floor":6,"turns":8},{"damage":11,"enemies":"Gremlin Nob","floor":10,"turns":3},{"damage":13,"enemies":"Large Slime","floor":11,"turns":6},{"damage":14,"enemies":"Lagavulin","floor":12,"turns":4},{"damage":0,"enemies":"3 Louse","floor":13,"turns":1},{"damage":57,"enemies":"The Guardian","floor":16,"turns":8},{"damage":23,"enemies":"Spheric Guardian","floor":18,"turns":5},{"damage":4,"enemies":"Chosen","floor":21,"turns":2},{"damage":10,"enemies":"Snake Plant","floor":22,"turns":2},{"damage":20,"enemies":"Book of Stabbing","floor":25,"turns":3},{"damage":4,"enemies":"Sentry and Sphere","floor":28,"turns":2},{"damage":53,"enemies":"Slavers","floor":29,"turns":5},{"damage":4,"enemies":"Cultist and Chosen","floor":30,"turns":4},{"damage":0,"enemies":"3 Cultists","floor":31,"turns":1},{"damage":4,"enemies":"Champ","floor":33,"turns":5},{"damage":0,"enemies":"Orb Walker","floor":35,"turns":1},{"damage":28,"enemies":"3 Shapes","floor":41,"turns":2},{"damage":30,"enemies":"Maw","floor":44,"turns":4},{"damage":25,"enemies":"Giant Head","floor":46,"turns":3},{"damage":124,"enemies":"Awakened One","floor":50,"turns":6}],"event_choices":[{"event_name":"Golden Wing","player_choice":"Card Removal","floor":14,"damage_taken":0},{"event_name":"Back to Basics","player_choice":"Elegance","floor":19,"damage_taken":0},{"event_name":"Beggar","player_choice":"Gave Gold","floor":20,"damage_taken":0},{"event_name":"Purifier","player_choice":"One Purge","floor":37,"damage_taken":0},{"event_name":"Accursed Blacksmith","player_choice":"Ignore","floor":48,"damage_taken":0}],"boss_relics":[{"not_picked":["Velvet Choker","Cursed Key"],"picked":"Tiny House"},{"not_picked":["Calling Bell","Astrolabe"],"picked":"Runic Dome"}],"potions_floor_spawned":[4,6,10,12,13,18,21,29,31,46],"seed_played":"6268244531566633389","killed_by":"Awakened One","ascension_level":3,"is_trial":false}