{"path_per_floor":["M","M","$","?","M","R","M","?","T","M","R","E","M","E","R","B",null,"M","$","M","M","$","E","?","E","T","M","E","M","R","?","R","B",null,"M","M","?","?","T","R","?","R","T","E","M","$","?","M","R","B"],"character_chosen":"IRONCLAD","items_purchased":["Warcry","Uppercut","Anchor","Lantern"],"gold_per_floor":[217,234,71,71,83,83,96,96,147,161,161,195,209,235,235,339,339,350,101,111,125,0,35,35,70,70,86,121,132,132,132,132,229,229,240,256,256,256,279,279,327,327,327,362,379,84,84,102,102,102],"floor_reached":51,"campfire_rested":2,"playtime":2077,"current_hp_per_floor":[78,80,80,80,80,80,62,46,46,43,43,35,36,33,57,55,82,84,84,83,88,88,81,81,81,81,80,74,75,75,75,96,75,96,92,82,70,70,77,77,105,105,105,109,111,111,111,111,111,110],"items_purged":["Strike_R","Strike_R","Defend_R","Havoc"],"gold":102,"score":645,"play_id":"4c2ea86f-0404-47b2-b979-734e79e2e28f","is_prod":false,"is_daily":false,"is_ascension_mode":false,"campfire_upgraded":6,"path_taken":["M","M","$","?","?","R","M","?","T","?","R","E","M","E","R","BOSS","M","$","M","M","$","E","?","E","T","M","E","?","R","?","R","BOSS","M","M","?","?","?","R","?","R","T","E","?","$","?","M","R","BOSS"],"build_version":"2018-02-08-PROD1","purchased_purges":4,"victory":true,"master_deck":["Defend_R+1","Defend_R+1","Bash","Rampage+1","Warcry+1","Uppercut+1","Double Tap+1","Cleave","Offering+1","Battle Trance","Flex","Reaper","Clothesline+1","Spot Weakness","Madness+1","Madness+1","Heavy Blade+1"],"max_hp_per_floor":[80,80,80,80,80,80,80,80,80,80,80,80,80,82,82,82,82,84,84,86,88,88,88,88,90,90,92,94,96,96,96,96,96,96,98,98,98,98,105,105,107,107,107,109,111,111,111,111,111,111],"relics":["Black Blood","Ancient Tea Set","War Paint","Singing Bowl","Anchor","Magic Flower","Bronze Scales","Unceasing Top","Oddly Smooth Stone","Astrolabe","Strawberry","Red Skull","Sundial","Orichalcum","Lantern"],"card_choices":[{"not_picked":["Heavy Blade","Dual Wield"],"picked":"Rampage"},{"not_picked":["Fire Breathing","Armaments"],"picked":"Double Tap"},{"not_picked":["Seeing Red","Armaments"],"picked":"Cleave"},{"not_picked":["Exhume","Dark Embrace"],"picked":"Offering"},{"not_picked":["Body Slam","Rage"],"picked":"Battle Trance"},{"not_picked":["Demon Form","Juggernaut"],"picked":"Reaper"},{"not_picked":["Flame Barrier","Battle Trance"],"picked":"Spot Weakness"},{"not_picked":["Pommel Strike","Power Through"],"picked":"Heavy Blade"}],"player_experience":75707,"potions_floor_usage":[12,12,16,23,23,28,29,33,50,50,50],"damage_taken":[{"damage":8,"enemies":"Blue Slaver","floor":1,"turns":6},{"damage":1,"enemies":"Cultist","floor":2,"turns":4},{"damage":0,"enemies":"Small Slimes","floor":5,"turns":3},{"damage":24,"enemies":"Exordium Wildlife","floor":7,"turns":5},{"damage":9,"enemies":"2 Fungi Beasts","floor":10,"turns":3},{"damage":26,"enemies":"Lagavulin","floor":12,"turns":5},{"damage":5,"enemies":"Looter","floor":13,"turns":2},{"damage":11,"enemies":"3 Sentries","floor":14,"turns":5},{"damage":8,"enemies":"Slime Boss","floor":16,"turns":8},{"damage":8,"enemies":"3 Byrds","floor":18,"turns":4},{"damage":13,"enemies":"Shell Parasite","floor":20,"turns":4},{"damage":7,"enemies":"Snake Plant","floor":21,"turns":2},{"damage":17,"enemies":"Slavers","floor":23,"turns":4},{"damage":17,"enemies":"Book of Stabbing","floor":25,"turns":4},{"damage":18,"enemies":"Centurion and Healer","floor":27,"turns":4},{"damage":23,"enemies":"Slavers","floor":28,"turns":3},{"damage":16,"enemies":"3 Cultists","floor":29,"turns":4},{"damage":36,"enemies":"Champ","floor":33,"turns":7},{"damage":21,"enemies":"3 Shapes","floor":35,"turns":3},{"damage":40,"enemies":"3 Darklings","floor":36,"turns":4},{"damage":21,"enemies":"Mysterious Sphere","floor":41,"turns":3},{"damage":13,"enemies":"Giant Head","floor":44,"turns":5},{"damage":12,"enemies":"Sphere and 2 Shapes","floor":45,"turns":3},{"damage":15,"enemies":"4 Shapes","floor":48,"turns":4},{"damage":32,"enemies":"Donu and Deca","floor":50,"turns":6}],"event_choices":[{"event_name":"Purifier","player_choice":"One Purge","floor":4,"damage_taken":0},{"event_name":"Shining Light","player_choice":"Entered Light","floor":8,"damage_taken":0},{"event_name":"Beggar","player_choice":"Ignored","floor":24,"damage_taken":0},{"event_name":"The Library","player_choice":"Read","floor":31,"damage_taken":0},{"event_name":"Winding Halls","player_choice":"Embrace Madness","floor":37,"damage_taken":0},{"event_name":"The Lab","player_choice":"Got Potions","floor":38,"damage_taken":0},{"event_name":"Mysterious Sphere","player_choice":"Fight","floor":41,"damage_taken":0}],"boss_relics":[{"not_picked":["Eternal Feather","Mark of Pain"],"picked":"Black Blood"},{"not_picked":["Runic Dome","Orrery"],"picked":"Astrolabe"}],"potions_floor_spawned":[2,10,12,13,16,18,23,27,29,41,45,48],"seed_played":"-7123121525806656613","ascension_level":0,"is_trial":false}