{"path_per_floor":["M","?","M","M","M","R","E","R","T","?","?","R","M","$","R","B",null,"M","?","M","M","?","R","M","R","T","M","M","M","$","M","R","B",null,"M","?","?","$","M","R","$","M","T","R","M","M"],"character_chosen":"IRONCLAD","items_purchased":["Trip","Flash of Steel","Headbutt"],"gold_per_floor":[111,111,128,141,155,155,187,187,187,187,187,187,199,124,124,225,225,243,243,258,273,273,273,285,285,285,299,309,328,133,151,151,254,254,265,265,265,44,56,56,33,50,125,125,144,162],"floor_reached":47,"campfire_rested":3,"playtime":1145,"current_hp_per_floor":[74,74,68,68,63,80,54,54,54,54,80,80,76,76,76,72,80,70,70,76,49,75,75,55,55,55,55,39,2,2,2,26,3,80,57,57,77,77,73,73,73,50,50,74,31,20],"items_purged":["Defend_R","Strike_R","Writhe"],"gold":162,"score":431,"play_id":"35d81358-49c8-4e02-b493-73574adb278c","local_time":"20180315171413","is_prod":false,"is_daily":false,"is_ascension_mode":false,"campfire_upgraded":6,"timestamp":1521159253,"path_taken":["M","?","M","M","M","R","E","R","T","?","?","R","?","$","R","BOSS","M","?","M","?","?","R","M","R","T","M","?","?","$","M","R","BOSS","M","?","?","$","M","R","$","M","T","R","M","?","E"],"build_version":"2018-03-09","purchased_purges":3,"victory":false,"master_deck":["Strike_R","Strike_R","Strike_R","Strike_R","Defend_R","Defend_R","Bash+1","Clash+1","Dropkick","Uppercut+1","Clash+1","Searing Blow+3","Flex+1","Whirlwind+1","Trip","Offering","Warcry+1","Flash of Steel","Headbutt","Whirlwind+1","Flex+1","Dropkick+1"],"max_hp_per_floor":[80,80,80,80,80,80,80,80,80,80,80,80,80,80,80,80,80,80,80,80,80,80,80,80,80,80,80,80,80,80,80,80,80,80,80,80,80,80,80,80,80,80,80,80,80,80],"relics":["White Beast Statue"],"card_choices":[{"not_picked":["Perfected Strike","Anger"],"picked":"Clash"},{"not_picked":["Bloodletting","Wild Strike"],"picked":"Dropkick"},{"not_picked":["Carnage","Sword Boomerang"],"picked":"Uppercut"},{"not_picked":["Warcry","Shrug It Off"],"picked":"Clash"},{"not_picked":["Fire Breathing","Reckless Charge"],"picked":"Searing Blow"},{"not_picked":["Heavy Blade","Corruption"],"picked":"Flex"},{"not_picked":["Pommel Strike","Armaments"],"picked":"Whirlwind"},{"not_picked":["Immolate","Feed"],"picked":"Offering"},{"not_picked":["Intimidate","Iron Wave"],"picked":"Warcry"},{"not_picked":["Sword Boomerang","Shrug It Off"],"picked":"Whirlwind"},{"not_picked":["Pummel","Iron Wave"],"picked":"Flex"},{"not_picked":["Flame Barrier","Warcry"],"picked":"Dropkick"}],"player_experience":145785,"potions_floor_usage":[7,7,7,18,20,20,20,21,27,27,28,29,33,33,39,42,42,45,46,47],"damage_taken":[{"damage":6,"enemies":"Cultist","floor":1,"turns":3},{"damage":6,"enemies":"Jaw Worm","floor":3,"turns":2},{"damage":0,"enemies":"Small Slimes","floor":4,"turns":3},{"damage":5,"enemies":"Looter","floor":5,"turns":2},{"damage":26,"enemies":"Lagavulin","floor":7,"turns":4},{"damage":4,"enemies":"3 Louse","floor":13,"turns":3},{"damage":4,"enemies":"Slime Boss","floor":16,"turns":4},{"damage":10,"enemies":"2 Thieves","floor":18,"turns":3},{"damage":9,"enemies":"3 Byrds","floor":20,"turns":6},{"damage":36,"enemies":"Centurion and Healer","floor":21,"turns":4},{"damage":20,"enemies":"3 Cultists","floor":24,"turns":5},{"damage":0,"enemies":"Cultist and Chosen","floor":27,"turns":3},{"damage":16,"enemies":"Centurion and Healer","floor":28,"turns":3},{"damage":46,"enemies":"Slaver and Parasite","floor":29,"turns":4},{"damage":0,"enemies":"Snake Plant","floor":31,"turns":1},{"damage":23,"enemies":"Collector","floor":33,"turns":7},{"damage":23,"enemies":"3 Darklings","floor":35,"turns":3},{"damage":4,"enemies":"Orb Walker","floor":39,"turns":1},{"damage":29,"enemies":"4 Shapes","floor":42,"turns":3},{"damage":55,"enemies":"Sphere and 2 Shapes","floor":45,"turns":5},{"damage":11,"enemies":"3 Darklings","floor":46,"turns":2},{"damage":21,"enemies":"2 Orb Walkers","floor":47,"turns":1}],"event_choices":[{"event_name":"Upgrade Shrine","player_choice":"Upgraded","floor":2,"damage_taken":0},{"event_name":"Purifier","player_choice":"One Purge","floor":10,"damage_taken":0},{"event_name":"Big Fish","player_choice":"Banana","floor":11,"damage_taken":0},{"event_name":"Vampires","player_choice":"Ignored","floor":19,"damage_taken":0},{"event_name":"The Library","player_choice":"Heal","floor":22,"damage_taken":0},{"event_name":"Mysterious Sphere","player_choice":"Ignore","floor":36,"damage_taken":0},{"event_name":"Winding Halls","player_choice":"Writhe","floor":37,"damage_taken":0}],"boss_relics":[{"not_picked":["Velvet Choker","Orrery","Eternal Feather"]},{"not_picked":["Lizard Tail","Runic Pyramid","Astrolabe"]}],"potions_floor_spawned":[1,3,4,5,7,13,16,18,20,21,24,27,28,29,31,33,35,39,42,45,46],"seed_played":"-5713111831693417457","killed_by":"2 Orb Walkers","ascension_level":0,"is_trial":false}