{"path_per_floor":["M","M","M","?","?","R","E","M","T","E","?","M","R","M","R","B",null,"M","$","?","$","M","R","?","R","T","E","?","$","E","M","R","B",null,"M","?","$","?","?","R","E","?","T","$","R","M","R","M","R","B"],"character_chosen":"IRONCLAD","items_purchased":["Meat on the Bone","Lantern"],"gold_per_floor":[13,30,48,48,48,48,81,95,177,213,247,262,262,275,275,396,396,411,81,81,81,104,104,104,104,104,144,69,19,57,70,70,189,189,209,209,3,3,3,3,44,44,125,75,75,96,96,111,111,111],"floor_reached":51,"campfire_rested":0,"playtime":841,"current_hp_per_floor":[80,80,75,80,59,59,61,67,67,59,65,67,67,69,69,59,79,81,81,81,81,83,83,83,83,83,85,85,85,85,85,85,84,85,85,74,74,74,74,74,77,77,77,77,77,83,83,85,85,85],"items_purged":["Defend_R","Strike_R","Defend_R","Strike_R"],"gold":111,"score":1136,"play_id":"9bd1c188-7baf-49f8-8668-547a1f93244f","local_time":"20180407221903","is_prod":false,"is_daily":false,"is_ascension_mode":true,"campfire_upgraded":10,"timestamp":1523164743,"path_taken":["M","M","M","?","?","R","E","?","T","E","?","M","R","?","R","BOSS","M","$","?","$","M","R","?","R","T","E","?","?","E","M","R","BOSS","M","?","$","?","?","R","E","?","T","$","R","M","R","M","R","BOSS"],"build_version":"2018-04-05v2","purchased_purges":4,"victory":true,"master_deck":["Strike_R","Defend_R","Bash","Offering+1","Flex+1","Whirlwind+1","Seeing Red+1","Seeing Red+1","Shrug It Off+1","Double Tap+1","Battle Trance+1","Bloodletting+1","Madness+1","Madness+1"],"max_hp_per_floor":[80,80,80,85,85,85,85,85,85,85,85,85,85,85,85,85,85,85,85,85,85,85,85,85,85,85,85,85,85,85,85,85,85,85,85,85,85,85,85,85,85,85,85,85,85,85,85,85,85,85],"relics":["Black Blood","Golden Idol","Orichalcum","Bottled Lightning","Sundial","Odd Mushroom","Black Star","Meat on the Bone","War Paint","Smiling Mask","Frozen Egg 2","Torii","Champion Belt","Lantern","Art of War","Prayer Wheel","Ornamental Fan"],"card_choices":[{"not_picked":["Demon Form","Reaper"],"picked":"Offering","floor":0},{"not_picked":["Heavy Blade","Dual Wield"],"picked":"Flex","floor":1},{"not_picked":["Blood for Blood","Dark Embrace"],"picked":"Whirlwind","floor":2},{"not_picked":["Flame Barrier","Carnage"],"picked":"Seeing Red","floor":8},{"not_picked":["Clash","Wild Strike"],"picked":"Seeing Red","floor":10},{"not_picked":["Perfected Strike","True Grit"],"picked":"Shrug It Off","floor":12},{"not_picked":["Juggernaut","Bludgeon"],"picked":"Double Tap","floor":16},{"not_picked":["Shrug It Off","Dual Wield"],"picked":"Bloodletting","floor":31}],"player_experience":253611,"potions_floor_usage":[10,16,16,18,50,50,50],"damage_taken":[{"damage":5,"enemies":"2 Louse","floor":1,"turns":3},{"damage":4,"enemies":"Cultist","floor":2,"turns":2},{"damage":11,"enemies":"Small Slimes","floor":3,"turns":3},{"damage":4,"enemies":"3 Sentries","floor":7,"turns":1},{"damage":0,"enemies":"2 Fungi Beasts","floor":8,"turns":1},{"damage":14,"enemies":"Gremlin Nob","floor":10,"turns":3},{"damage":0,"enemies":"The Mushroom Lair","floor":11,"turns":1},{"damage":4,"enemies":"3 Louse","floor":12,"turns":1},{"damage":4,"enemies":"Gremlin Gang","floor":14,"turns":1},{"damage":16,"enemies":"Slime Boss","floor":16,"turns":6},{"damage":4,"enemies":"Spheric Guardian","floor":18,"turns":1},{"damage":4,"enemies":"2 Thieves","floor":22,"turns":1},{"damage":4,"enemies":"Gremlin Leader","floor":27,"turns":2},{"damage":4,"enemies":"Slavers","floor":30,"turns":1},{"damage":4,"enemies":"Chosen and Byrds","floor":31,"turns":1},{"damage":7,"enemies":"Collector","floor":33,"turns":3},{"damage":4,"enemies":"Orb Walker","floor":35,"turns":1},{"damage":7,"enemies":"Nemesis","floor":41,"turns":1},{"damage":4,"enemies":"3 Darklings","floor":46,"turns":1},{"damage":4,"enemies":"4 Shapes","floor":48,"turns":1},{"damage":10,"enemies":"Donu and Deca","floor":50,"turns":1}],"event_choices":[{"event_name":"Big Fish","player_choice":"Donut","floor":4,"damage_taken":0},{"event_name":"Golden Idol","player_choice":"Take Damage","floor":5,"damage_taken":0},{"event_name":"Mushrooms","player_choice":"Fought Mushrooms","floor":11,"damage_taken":0},{"event_name":"Back to Basics","player_choice":"Elegance","floor":20,"damage_taken":0},{"event_name":"Transmorgrifier","player_choice":"Transform","floor":24,"damage_taken":0},{"event_name":"Beggar","player_choice":"Gave Gold","floor":28,"damage_taken":0},{"event_name":"Winding Halls","player_choice":"Embrace Madness","floor":36,"damage_taken":0},{"event_name":"Match and Keep!","player_choice":"0 cards matched","floor":38,"damage_taken":0},{"event_name":"SensoryStone","player_choice":"Memory 1","floor":39,"damage_taken":0},{"event_name":"Mysterious Sphere","player_choice":"Ignore","floor":42,"damage_taken":0}],"boss_relics":[{"not_picked":["Pandora\u0027s Box","Orrery"],"picked":"Black Star"},{"not_picked":["Calling Bell","Astrolabe"],"picked":"Black Blood"}],"potions_floor_spawned":[2,8,12,14,16,18,30,41],"seed_played":"-1876545831921095395","ascension_level":5,"is_trial":false}