{"path_per_floor":["M","$","M","M","$","R","E","?","T","R","M","$","R","?","R","B",null,"M","$","M","?","$"],"character_chosen":"IRONCLAD","items_purchased":["Bag of Preparation"],"gold_per_floor":[216,216,236,251,176,176,205,205,250,250,269,169,169,190,190,285,285,295,295,310,310,155],"floor_reached":23,"campfire_rested":1,"playtime":1632,"current_hp_per_floor":[80,80,60,51,51,51,32,32,32,32,28,28,28,26,50,17,64,58,58,50,50,50],"items_purged":["Defend_R","Normality"],"gold":155,"play_id":"7960084a-d574-45de-a7bf-a711382701b5","is_prod":false,"is_daily":false,"is_ascension_mode":true,"campfire_upgraded":3,"path_taken":["M","$","M","M","$","R","E","?","T","R","?","?","R","?","R","BOSS","M","$","?","?","?","E"],"build_version":"2018-01-25-PROD3","purchased_purges":2,"victory":false,"master_deck":["Strike_R","Strike_R","Strike_R","Strike_R","Strike_R","Defend_R","Defend_R","Bash+1","Heavy Blade+1","Inflame+1","Heavy Blade+1","Pommel Strike"],"max_hp_per_floor":[80,80,80,80,80,80,80,80,80,80,80,80,80,80,80,80,64,64,64,64,64,64],"relics":["Burning Blood","Anchor","Lantern","Molten Egg","Odd Mushroom","Runic Cube","Bag of Preparation"],"card_choices":[{"not_picked":["Thunderclap","Body Slam"],"picked":"Heavy Blade"},{"not_picked":["Clothesline","Wild Strike"],"picked":"Inflame"},{"not_picked":["Rage","Anger"],"picked":"Heavy Blade"},{"not_picked":["Sword Boomerang","Body Slam"],"picked":"Pommel Strike"}],"player_experience":155349,"potions_floor_usage":[7,16,16],"damage_taken":[{"damage":6,"enemies":"Cultist","floor":1,"turns":3},{"damage":26,"enemies":"Blue Slaver","floor":3,"turns":3},{"damage":15,"enemies":"Small Slimes","floor":4,"turns":3},{"damage":37,"enemies":"Lagavulin","floor":7,"turns":6},{"damage":10,"enemies":"2 Fungi Beasts","floor":11,"turns":3},{"damage":8,"enemies":"The Mushroom Lair","floor":14,"turns":3},{"damage":39,"enemies":"Hexaghost","floor":16,"turns":7},{"damage":12,"enemies":"Chosen","floor":18,"turns":3},{"damage":14,"enemies":"Shell Parasite","floor":20,"turns":3},{"damage":50,"enemies":"Slavers","floor":23,"turns":4}],"event_choices":[{"event_name":"Accursed Blacksmith","player_choice":"Rummage","floor":8,"damage_taken":0},{"event_name":"Mushrooms","player_choice":"Fought Mushrooms","floor":14,"damage_taken":0},{"event_name":"Back to Basics","player_choice":"Elegance","floor":21,"damage_taken":0}],"boss_relics":[{"not_picked":["Astrolabe","Lizard Tail"],"picked":"Runic Cube"}],"potions_floor_spawned":[4,11,14],"seed_played":"5207526432598242317","killed_by":"Slavers","ascension_level":2,"is_trial":false}