{"path_per_floor":["M","$","?","?","?","E","?","M","T","M","M","R","$","M","R","B",null,"M","?","$"],"character_chosen":"IRONCLAD","items_purchased":["Toxic Egg 2"],"gold_per_floor":[111,36,36,211,161,195,195,214,214,228,240,240,240,255,255,352,352,340,340,36],"floor_reached":21,"campfire_rested":1,"playtime":1880,"current_hp_per_floor":[73,73,78,78,78,25,25,24,24,19,18,18,18,15,40,7,85,55,55,55],"items_purged":["Defend_R","Regret"],"gold":36,"play_id":"661d337f-97ad-4007-af71-c12692274174","is_prod":false,"is_daily":false,"is_ascension_mode":true,"campfire_upgraded":1,"path_taken":["M","$","?","?","?","E","?","M","T","?","M","R","?","M","R","BOSS","M","?","$","?"],"build_version":"2018-02-01-PROD3","purchased_purges":3,"victory":false,"master_deck":["Strike_R","Strike_R","Strike_R","Strike_R","Strike_R","Defend_R","Defend_R","Defend_R","Bash","Sever Soul+1","Shrug It Off","Rampage+1","Havoc","Double Tap","Decay"],"max_hp_per_floor":[80,80,85,85,85,85,85,85,85,85,85,85,85,85,85,85,85,85,85,85],"relics":["Burning Blood","Letter Opener","Ginger","Calling Bell","Smiling Mask","Matryoshka","Pen Nib","Spirit Poop","Toxic Egg 2"],"card_choices":[{"not_picked":["Clash","Clothesline"],"picked":"Sever Soul"},{"not_picked":["Iron Wave","Uppercut"],"picked":"Shrug It Off"},{"not_picked":["Shrug It Off","Bloodletting"],"picked":"Rampage"},{"not_picked":["Anger","Corruption"],"picked":"Havoc"},{"not_picked":["Bludgeon","Impervious"],"picked":"Double Tap"}],"player_experience":203429,"potions_floor_usage":[16],"damage_taken":[{"damage":13,"enemies":"Jaw Worm","floor":1,"turns":4},{"damage":59,"enemies":"Lagavulin","floor":6,"turns":7},{"damage":7,"enemies":"2 Louse","floor":8,"turns":3},{"damage":11,"enemies":"Small Slimes","floor":10,"turns":4},{"damage":7,"enemies":"3 Louse","floor":11,"turns":3},{"damage":9,"enemies":"2 Fungi Beasts","floor":14,"turns":3},{"damage":39,"enemies":"Slime Boss","floor":16,"turns":10},{"damage":36,"enemies":"2 Thieves","floor":18,"turns":4},{"damage":55,"enemies":"3 Byrds","floor":21,"turns":6}],"event_choices":[{"event_name":"Big Fish","player_choice":"Donut","floor":3,"damage_taken":0},{"event_name":"Liars Game","player_choice":"agreed","floor":4,"damage_taken":0},{"event_name":"The Cleric","player_choice":"Card Removal","floor":5,"damage_taken":0},{"event_name":"Upgrade Shrine","player_choice":"Upgraded","floor":7,"damage_taken":0},{"event_name":"Bonfire Elementals","player_choice":"CURSE","floor":19,"damage_taken":0}],"boss_relics":[{"not_picked":["Eternal Feather","Runic Dome"],"picked":"Calling Bell"}],"potions_floor_spawned":[6,11,14],"seed_played":"4620878165394656759","killed_by":"3 Byrds","ascension_level":2,"is_trial":false}