{"path_per_floor":["M","M","$","?","?","R","M","R","T","E","M","R","M","?","R","B",null,"M","?","?","M","$","R","M","R","T","$","?","R","E","M","R","B",null,"M","$","?","?","M","R"],"character_chosen":"IRONCLAD","items_purchased":["Pen Nib","Bottled Flame"],"gold_per_floor":[113,130,55,55,55,55,75,75,75,119,137,137,152,152,152,272,272,286,286,286,307,164,164,179,179,179,179,104,104,148,172,172,300,300,320,50,383,343,357,357],"floor_reached":41,"campfire_rested":3,"playtime":2619,"current_hp_per_floor":[75,78,78,78,72,72,68,68,82,64,63,63,51,44,75,22,109,68,68,52,60,60,60,33,68,68,68,68,68,35,61,99,13,106,55,55,55,55,37,37],"items_purged":["Defend_R","Defend_R"],"gold":357,"play_id":"c5dd1f60-1074-48cc-aaae-1e3a3fb0d7f2","is_prod":false,"is_daily":false,"is_ascension_mode":true,"campfire_upgraded":6,"path_taken":["M","M","$","?","?","R","M","R","T","E","M","R","M","?","R","BOSS","M","?","?","M","$","R","M","R","T","?","?","R","E","M","R","BOSS","M","$","?","?","M","R","M"],"build_version":"2018-01-25-PROD3","purchased_purges":2,"victory":false,"master_deck":["Strike_R","Strike_R","Strike_R","Strike_R","Strike_R","Defend_R","Bash+1","Feed+1","Inflame+1","Feed+1","Shrug It Off","Whirlwind+1","Brutality+1","Rupture","Clothesline+1"],"max_hp_per_floor":[75,78,78,78,72,72,75,75,89,93,97,97,105,105,105,109,109,109,109,109,117,117,117,117,117,117,117,117,117,121,129,129,133,106,106,106,106,106,114,114],"relics":["Burning Blood","Bronze Scales","Mango","Shuriken","Lizard Tail","Enchiridion","Pen Nib","Matryoshka","The Courier","Runic Cube","Bottled Flame"],"card_choices":[{"not_picked":["Juggernaut","Impervious"],"picked":"Feed"},{"not_picked":["Body Slam","Warcry"],"picked":"Inflame"},{"not_picked":["Body Slam","Thunderclap"],"picked":"Feed"},{"not_picked":["Headbutt","Pommel Strike"],"picked":"Shrug It Off"},{"not_picked":["Barricade","Immolate"],"picked":"Brutality"},{"not_picked":["Infernal Blade","Body Slam"],"picked":"Rupture"},{"not_picked":["Iron Wave","Rage"],"picked":"Clothesline"}],"player_experience":159927,"potions_floor_usage":[41,41],"damage_taken":[{"damage":0.0,"enemies":"Small Slimes","floor":1.0,"turns":2.0},{"damage":6.0,"enemies":"Cultist","floor":2.0,"turns":3.0},{"damage":13.0,"enemies":"Blue Slaver","floor":7.0,"turns":2.0},{"damage":28.0,"enemies":"Lagavulin","floor":10.0,"turns":5.0},{"damage":11.0,"enemies":"2 Fungi Beasts","floor":11.0,"turns":3.0},{"damage":26.0,"enemies":"Gremlin Gang","floor":13.0,"turns":5.0},{"damage":78.0,"enemies":"Slime Boss","floor":16.0,"turns":12.0},{"damage":47.0,"enemies":"Spheric Guardian","floor":18.0,"turns":5.0},{"damage":6.0,"enemies":"3 Byrds","floor":21.0,"turns":4.0},{"damage":33.0,"enemies":"Snecko","floor":24.0,"turns":5.0},{"damage":43.0,"enemies":"Book of Stabbing","floor":30.0,"turns":4.0},{"damage":54.0,"enemies":"Slaver and Parasite","floor":31.0,"turns":5.0},{"damage":96.0,"enemies":"Collector","floor":33.0,"turns":9.0},{"damage":57.0,"enemies":"3 Darklings","floor":35.0,"turns":5.0},{"damage":32.0,"enemies":"3 Shapes","floor":39.0,"turns":4.0},{"damage":28,"enemies":"Sphere and 2 Shapes","floor":41,"turns":3}],"event_choices":[{"event_name":"Big Fish","player_choice":"Box","floor":4.0,"damage_taken":0.0},{"event_name":"Golden Idol","player_choice":"Lose Max HP","floor":5.0,"damage_taken":0.0},{"event_name":"Golden Wing","player_choice":"Card Removal","floor":14.0,"damage_taken":0.0},{"event_name":"The Library","player_choice":"Read","floor":19.0,"damage_taken":0.0},{"event_name":"Cursed Tome","player_choice":"Obtained Book","floor":20.0,"damage_taken":0.0},{"event_name":"Beggar","player_choice":"Gave Gold","floor":28.0,"damage_taken":0.0},{"event_name":"The Moai Head","player_choice":"Gave Idol","floor":37.0,"damage_taken":0.0},{"event_name":"The Woman in Blue","player_choice":"Bought 3 Potions","floor":38.0,"damage_taken":0.0}],"boss_relics":[],"potions_floor_spawned":[7,13,18,21,30],"seed_played":"-6297807323946579145","killed_by":"Sphere and 2 Shapes","ascension_level":2,"is_trial":false}