{"path_per_floor":["M","?","M","$","?","R","E","?","T","M","M","M","R","E","R","B",null,"M","$","?","M","M","R","E","R","T","E","$","M","R","M","R","B",null,"M","T","M","?","M","R","$","?","T","$","M","E","R","?","R","B"],"character_chosen":"IRONCLAD","items_purchased":["Whirlwind","Singing Bowl","Bottled Flame","Strength Potion"],"gold_per_floor":[211,286,299,145,145,145,176,176,229,250,275,295,295,330,330,458,458,473,221,221,242,266,266,299,299,299,333,208,231,231,255,255,378,378,392,392,410,410,433,433,37,101,101,53,67,98,98,98,98,98],"floor_reached":51,"campfire_rested":4,"playtime":2071,"current_hp_per_floor":[80,69,70,70,50,50,43,27,27,35,34,40,64,57,57,51,73,80,80,64,74,64,64,48,73,73,54,54,62,62,58,85,79,89,92,92,94,94,80,80,80,71,71,71,63,73,73,73,100,37],"items_purged":["Strike_R","Strike_R","Strike_R","Strike_R"],"gold":98,"score":948,"play_id":"7cab9d22-e3e8-42f4-9367-03f3ab5eb109","local_time":"20180313103751","is_prod":false,"is_daily":false,"is_ascension_mode":true,"campfire_upgraded":6,"timestamp":1520926671,"path_taken":["M","?","M","$","?","R","E","?","T","?","M","M","R","E","R","BOSS","M","$","?","M","M","R","E","R","T","E","$","M","R","M","R","BOSS","M","?","M","?","M","R","$","?","T","$","M","E","R","?","R","BOSS"],"build_version":"2018-03-09","purchased_purges":4,"victory":true,"master_deck":["Strike_R","Defend_R","Defend_R","Defend_R","Defend_R","Bash+1","Shrug It Off+1","Whirlwind+1","Demon Form+1","Perfected Strike","Battle Trance+1","Flex","Flex+1","Fiend Fire+1","Seeing Red+1","Heavy Blade+1","Inflame+1","Flex+1"],"max_hp_per_floor":[80,80,80,80,80,80,80,80,80,80,80,80,80,80,80,80,80,80,80,80,82,84,84,84,84,84,86,86,88,88,90,90,92,92,92,92,94,94,96,96,96,96,96,96,98,100,100,100,100,100],"relics":["Burning Blood","Golden Idol","Happy Flower","Blood Vial","Bottled Lightning","Cursed Key","Singing Bowl","Enchiridion","Ancient Tea Set","Anchor","Runic Pyramid","Bottled Flame","Charon\u0027s Ashes","Magic Flower"],"card_choices":[{"not_picked":["Warcry","Flame Barrier"],"picked":"Shrug It Off"},{"not_picked":["Uppercut","Warcry"],"picked":"Demon Form"},{"not_picked":["Thunderclap","Anger"],"picked":"Perfected Strike"},{"not_picked":["Pommel Strike","Spot Weakness"],"picked":"Battle Trance"},{"not_picked":["Uppercut","Spot Weakness"],"picked":"Flex"},{"not_picked":["Exhume","Feel No Pain"],"picked":"Flex"},{"not_picked":["Demon Form","Exhume"],"picked":"Fiend Fire"},{"not_picked":["Thunderclap","Perfected Strike"],"picked":"Seeing Red"},{"not_picked":["Clothesline","Dark Embrace"],"picked":"Heavy Blade"},{"not_picked":["Thunderclap","Cleave"],"picked":"Inflame"},{"not_picked":["Body Slam","Shockwave"],"picked":"Flex"}],"player_experience":280969,"potions_floor_usage":[14,16,16,24,29,29,45,50,50],"damage_taken":[{"damage":6,"enemies":"Cultist","floor":1,"turns":4},{"damage":5,"enemies":"Small Slimes","floor":3,"turns":4},{"damage":13,"enemies":"3 Sentries","floor":7,"turns":5},{"damage":0,"enemies":"2 Louse","floor":10,"turns":1},{"damage":9,"enemies":"Large Slime","floor":11,"turns":7},{"damage":2,"enemies":"2 Fungi Beasts","floor":12,"turns":3},{"damage":15,"enemies":"Lagavulin","floor":14,"turns":3},{"damage":29,"enemies":"Hexaghost","floor":16,"turns":7},{"damage":0,"enemies":"3 Byrds","floor":18,"turns":3},{"damage":0,"enemies":"2 Thieves","floor":21,"turns":1},{"damage":20,"enemies":"Centurion and Healer","floor":22,"turns":6},{"damage":24,"enemies":"Gremlin Leader","floor":24,"turns":6},{"damage":29,"enemies":"Book of Stabbing","floor":27,"turns":3},{"damage":2,"enemies":"Cultist and Chosen","floor":29,"turns":3},{"damage":14,"enemies":"Snake Plant","floor":31,"turns":2},{"damage":16,"enemies":"Automaton","floor":33,"turns":4},{"damage":0,"enemies":"3 Darklings","floor":35,"turns":1},{"damage":0,"enemies":"Orb Walker","floor":37,"turns":2},{"damage":22,"enemies":"Sphere and 2 Shapes","floor":39,"turns":3},{"damage":17,"enemies":"Mysterious Sphere","floor":42,"turns":3},{"damage":18,"enemies":"4 Shapes","floor":45,"turns":1},{"damage":0,"enemies":"2 Orb Walkers","floor":46,"turns":2},{"damage":72,"enemies":"Donu and Deca","floor":50,"turns":8}],"event_choices":[{"event_name":"World of Goop","player_choice":"Gather Gold","floor":2,"damage_taken":0},{"event_name":"Golden Idol","player_choice":"Take Damage","floor":5,"damage_taken":0},{"event_name":"Shining Light","player_choice":"Entered Light","floor":8,"damage_taken":0},{"event_name":"Cursed Tome","player_choice":"Obtained Book","floor":20,"damage_taken":0},{"event_name":"Tomb of Lord Red Mask","player_choice":"Ignored","floor":38,"damage_taken":0},{"event_name":"Mysterious Sphere","player_choice":"Fight","floor":42,"damage_taken":0},{"event_name":"The Moai Head","player_choice":"Ignored","floor":48,"damage_taken":0}],"boss_relics":[{"not_picked":["Black Blood","Runic Dome"],"picked":"Cursed Key"},{"not_picked":["Pandora\u0027s Box","Eternal Feather"],"picked":"Runic Pyramid"}],"potions_floor_spawned":[3,10,12,14,16,21,27,31,33,37,42,46],"seed_played":"-4029951882700606705","ascension_level":5,"is_trial":false}