{"path_per_floor":["M","M","$","?","M","R","M","?","T","E","R","?","?","E","R","B",null,"M","$","M","M","M","R","?","R","T","M","?","M","M","M","R","B",null,"M","?","M","?","$","R","M","M","T","M","R","E","?","M","R"],"character_chosen":"IRONCLAD","items_purchased":["Paper Frog","Uppercut"],"gold_per_floor":[111,123,48,48,65,65,75,250,250,282,282,282,336,361,361,439,439,439,96,96,96,96,96,96,96,96,96,96,96,96,96,96,96,96,96,96,96,96,17,17,17,17,17,17,17,17,17,17,17,17],"floor_reached":50,"campfire_rested":5,"playtime":2140,"current_hp_per_floor":[69,68,68,68,73,73,69,69,79,53,53,53,53,28,53,19,69,68,68,58,31,34,34,34,59,59,47,47,41,24,30,55,50,76,68,68,51,72,72,72,66,46,46,28,53,36,36,41,66,0],"items_purged":["Strike_R","Doubt"],"gold":17,"score":869,"play_id":"300c8e78-345d-4f5a-a64e-40ea3ece5160","local_time":"20180325010341","is_prod":false,"is_daily":false,"is_ascension_mode":true,"campfire_upgraded":4,"timestamp":1521929021,"path_taken":["M","M","$","?","?","R","M","?","T","E","R","?","?","E","R","BOSS","M","$","M","M","M","R","?","R","T","M","?","M","M","M","R","BOSS","M","?","M","?","$","R","M","M","T","M","R","E","?","M","R","BOSS"],"build_version":"2018-03-22v2","purchased_purges":2,"victory":false,"master_deck":["Strike_R","Strike_R","Strike_R","Strike_R","Defend_R","Defend_R","Defend_R","Defend_R","Bash+1","AscendersBane","Sword Boomerang","Inflame+1","True Grit+1","Pummel","Limit Break+1","Dual Wield","Disarm","Battle Trance","Disarm","Ghostly Armor+1","Disarm","Thunderclap","Heavy Blade","Uppercut+1","Headbutt+1","Flex+1","Fiend Fire","Intimidate+1"],"max_hp_per_floor":[75,75,75,75,75,75,75,75,85,85,85,85,85,85,85,85,85,85,85,85,85,85,85,85,85,85,85,85,85,85,85,85,85,85,85,85,85,85,85,85,85,85,85,85,85,85,85,85,85,85],"relics":["Burning Blood","Art of War","Pear","Bag of Preparation","Happy Flower","Ectoplasm","Paper Frog","Self Forming Clay","Cursed Key","Blue Candle","Vajra"],"card_choices":[{"not_picked":["Pommel Strike","Warcry"],"picked":"Sword Boomerang","floor":1.0},{"not_picked":["Pummel","Iron Wave"],"picked":"Inflame","floor":2.0},{"not_picked":["Clothesline","Seeing Red"],"picked":"True Grit","floor":5.0},{"not_picked":["Iron Wave","Heavy Blade"],"picked":"Pummel","floor":10.0},{"not_picked":["Fiend Fire","Reaper"],"picked":"Limit Break","floor":16.0},{"not_picked":["Perfected Strike","Cleave"],"picked":"Dual Wield","floor":20.0},{"not_picked":["Iron Wave","Warcry"],"picked":"Disarm","floor":21.0},{"not_picked":["Anger","Spot Weakness"],"picked":"Battle Trance","floor":22.0},{"not_picked":["Infernal Blade","Armaments"],"picked":"Disarm","floor":27.0},{"not_picked":["Sword Boomerang","Perfected Strike"],"picked":"Ghostly Armor","floor":29.0},{"not_picked":["Blood for Blood","Pommel Strike"],"picked":"Disarm","floor":30.0},{"not_picked":["Intimidate","Spot Weakness"],"picked":"Thunderclap","floor":35.0},{"not_picked":["Second Wind","Pommel Strike"],"picked":"Heavy Blade","floor":37.0},{"not_picked":["Cleave","Dual Wield"],"picked":"Headbutt","floor":41.0},{"not_picked":["Clothesline","Fire Breathing"],"picked":"Flex","floor":42.0},{"not_picked":["Havoc","Ghostly Armor"],"picked":"Fiend Fire","floor":46.0},{"not_picked":["Sword Boomerang","Pommel Strike"],"picked":"Intimidate","floor":48.0}],"player_experience":442441,"potions_floor_usage":[50],"damage_taken":[{"damage":5.0,"enemies":"Small Slimes","floor":1.0,"turns":3.0},{"damage":7.0,"enemies":"Jaw Worm","floor":2.0,"turns":3.0},{"damage":1.0,"enemies":"Cultist","floor":5.0,"turns":3.0},{"damage":10.0,"enemies":"3 Louse","floor":7.0,"turns":4.0},{"damage":32.0,"enemies":"Gremlin Nob","floor":10.0,"turns":4.0},{"damage":31.0,"enemies":"Lagavulin","floor":14.0,"turns":4.0},{"damage":40.0,"enemies":"The Guardian","floor":16.0,"turns":12.0},{"damage":7.0,"enemies":"Chosen","floor":18.0,"turns":4.0},{"damage":16.0,"enemies":"3 Byrds","floor":20.0,"turns":5.0},{"damage":33.0,"enemies":"Snake Plant","floor":21.0,"turns":4.0},{"damage":3.0,"enemies":"Cultist and Chosen","floor":22.0,"turns":5.0},{"damage":18.0,"enemies":"Sentry and Sphere","floor":27.0,"turns":4.0},{"damage":12.0,"enemies":"Snake Plant","floor":29.0,"turns":5.0},{"damage":23.0,"enemies":"Slaver and Parasite","floor":30.0,"turns":6.0},{"damage":0.0,"enemies":"Snecko","floor":31.0,"turns":5.0},{"damage":11.0,"enemies":"Champ","floor":33.0,"turns":9.0},{"damage":26.0,"enemies":"3 Shapes","floor":35.0,"turns":7.0},{"damage":23.0,"enemies":"Orb Walker","floor":37.0,"turns":5.0},{"damage":12.0,"enemies":"Maw","floor":41.0,"turns":7.0},{"damage":26.0,"enemies":"3 Darklings","floor":42.0,"turns":4.0},{"damage":24.0,"enemies":"Sphere and 2 Shapes","floor":44.0,"turns":6.0},{"damage":23.0,"enemies":"Giant Head","floor":46.0,"turns":6.0},{"damage":1.0,"enemies":"Maw","floor":48.0,"turns":4.0},{"damage":69,"enemies":"Donu and Deca","floor":50,"turns":4}],"event_choices":[{"event_name":"The Cleric","player_choice":"Leave","floor":4.0,"damage_taken":0.0},{"event_name":"Liars Game","player_choice":"agreed","floor":8.0,"damage_taken":0.0},{"event_name":"Upgrade Shrine","player_choice":"Upgraded","floor":12.0,"damage_taken":0.0},{"event_name":"Golden Wing","player_choice":"Gained Gold","floor":13.0,"damage_taken":0.0},{"event_name":"Golden Shrine","player_choice":"Pray","floor":24.0,"damage_taken":0.0},{"event_name":"Drug Dealer","player_choice":"Ignored","floor":28.0,"damage_taken":0.0},{"event_name":"Mysterious Sphere","player_choice":"Ignore","floor":36.0,"damage_taken":0.0},{"event_name":"Winding Halls","player_choice":"Writhe","floor":38.0,"damage_taken":0.0},{"event_name":"Fountain of Cleansing","player_choice":"Removed Curse","floor":47.0,"damage_taken":0.0}],"boss_relics":[],"potions_floor_spawned":[2,5,7,16,18,29,31,35,41,44,46],"seed_played":"-8252682997753959417","killed_by":"Donu and Deca","ascension_level":14,"is_trial":false}