{"path_per_floor":["M","?","M","$","?","R","$","R","T","?","?","M","M","M","R","B",null,"M","M","M","$","M","R","M","?","T","R","E","M","M","$","R","B",null,"M","?","$","M","M","R","$","R","T","?","?","?","M","M","R","B"],"character_chosen":"IRONCLAD","items_purchased":["Frozen Egg 2","Evolve","Pen Nib"],"gold_per_floor":[109,109,125,50,50,50,50,50,99,199,199,215,225,244,244,349,349,368,386,399,76,86,86,98,98,98,98,126,136,150,150,150,247,247,259,313,160,180,199,199,199,199,199,199,299,299,309,327,327,327],"floor_reached":51,"campfire_rested":5,"playtime":3004,"current_hp_per_floor":[66,71,72,72,65,65,65,65,65,65,65,67,73,69,69,35,70,54,44,17,17,11,35,16,16,16,40,22,11,17,17,41,36,71,66,46,46,17,26,26,26,50,50,50,50,71,70,67,82,23],"items_purged":["Parasite"],"gold":327,"score":1139,"play_id":"ec5dacc5-5953-4a88-82ee-17341e256693","local_time":"20180323153423","is_prod":false,"is_daily":false,"is_ascension_mode":true,"campfire_upgraded":4,"timestamp":1521808463,"path_taken":["M","?","?","$","?","R","?","R","T","?","?","M","M","M","R","BOSS","M","M","?","$","M","R","M","?","T","R","E","M","M","$","R","BOSS","M","?","$","M","M","R","$","R","T","?","?","?","M","M","R","BOSS"],"build_version":"2018-03-22","purchased_purges":1,"victory":true,"master_deck":["Strike_R+1","Strike_R+1","Strike_R+1","Defend_R+1","Defend_R+1","Defend_R+1","Bash+1","Heavy Blade+1","Whirlwind+1","Shrug It Off","Berserk","Flex","Evolve+1","Demon Form+1","Limit Break+1","Headbutt+1","Writhe","Second Wind+1"],"max_hp_per_floor":[80,85,85,82,82,82,82,82,82,82,82,82,82,82,82,82,82,82,82,82,82,82,82,82,82,82,82,82,82,82,82,82,82,82,82,82,82,82,82,82,82,82,82,82,82,82,82,82,82,82],"relics":["Burning Blood","Orichalcum","Mark of Pain","Frozen Egg 2","Red Skull","Girya","Velvet Choker","Magic Flower","Pen Nib","Unceasing Top"],"card_choices":[{"not_picked":["Cleave","Dual Wield"],"picked":"Heavy Blade","floor":3.0},{"not_picked":["Feel No Pain","Wild Strike"],"picked":"Shrug It Off","floor":13.0},{"not_picked":["Bludgeon","Dark Embrace"],"picked":"Berserk","floor":16.0},{"not_picked":["Rupture","Perfected Strike"],"picked":"Flex","floor":20.0},{"not_picked":["Clash","Twin Strike"],"picked":"Demon Form","floor":22.0},{"not_picked":["Immolate","Exhume"],"picked":"Limit Break","floor":33.0},{"not_picked":["Warcry","Havoc"],"picked":"Headbutt","floor":39.0},{"not_picked":["Havoc","Sentinel"],"picked":"Second Wind","floor":48.0}],"player_experience":425944,"potions_floor_usage":[50],"damage_taken":[{"damage":12.0,"enemies":"Jaw Worm","floor":1.0,"turns":4.0},{"damage":5.0,"enemies":"Small Slimes","floor":3.0,"turns":4.0},{"damage":4.0,"enemies":"Cultist","floor":12.0,"turns":4.0},{"damage":0.0,"enemies":"Large Slime","floor":13.0,"turns":5.0},{"damage":10.0,"enemies":"Exordium Wildlife","floor":14.0,"turns":4.0},{"damage":40.0,"enemies":"Slime Boss","floor":16.0,"turns":10.0},{"damage":22.0,"enemies":"Shell Parasite","floor":18.0,"turns":5.0},{"damage":16.0,"enemies":"Chosen","floor":19.0,"turns":4.0},{"damage":33.0,"enemies":"Snake Plant","floor":20.0,"turns":5.0},{"damage":12.0,"enemies":"3 Cultists","floor":22.0,"turns":3.0},{"damage":25.0,"enemies":"Snecko","floor":24.0,"turns":4.0},{"damage":24.0,"enemies":"Gremlin Leader","floor":28.0,"turns":5.0},{"damage":17.0,"enemies":"Slaver and Parasite","floor":29.0,"turns":4.0},{"damage":0.0,"enemies":"Centurion and Healer","floor":30.0,"turns":5.0},{"damage":11.0,"enemies":"Champ","floor":33.0,"turns":6.0},{"damage":11.0,"enemies":"3 Shapes","floor":35.0,"turns":5.0},{"damage":26.0,"enemies":"Mysterious Sphere","floor":36.0,"turns":3.0},{"damage":38.0,"enemies":"3 Darklings","floor":38.0,"turns":3.0},{"damage":0.0,"enemies":"Sphere and 2 Shapes","floor":39.0,"turns":3.0},{"damage":10.0,"enemies":"Maw","floor":47.0,"turns":5.0},{"damage":12.0,"enemies":"3 Darklings","floor":48.0,"turns":2.0},{"damage":68,"enemies":"Awakened One","floor":50,"turns":6}],"event_choices":[{"event_name":"Big Fish","player_choice":"Donut","floor":2.0,"damage_taken":0.0},{"event_name":"Golden Wing","player_choice":"Card Removal","floor":5.0,"damage_taken":0.0},{"event_name":"Golden Shrine","player_choice":"Pray","floor":10.0,"damage_taken":0.0},{"event_name":"Transmorgrifier","player_choice":"Transform","floor":11.0,"damage_taken":0.0},{"event_name":"Back to Basics","player_choice":"Simplicity","floor":25.0,"damage_taken":0.0},{"event_name":"Mysterious Sphere","player_choice":"Fight","floor":36.0,"damage_taken":0.0},{"event_name":"Purifier","player_choice":"One Purge","floor":44.0,"damage_taken":0.0},{"event_name":"Golden Shrine","player_choice":"Pray","floor":45.0,"damage_taken":0.0},{"event_name":"Winding Halls","player_choice":"Writhe","floor":46.0,"damage_taken":0.0}],"boss_relics":[],"potions_floor_spawned":[3,13,14,16,18,20,30,38,39,47],"seed_played":"-5972820631506891445","ascension_level":12,"is_trial":false}