{"path_per_floor":["M","M","$","?","?","R","E","M","T","M","R","M","M","$","R","B",null,"M","?","$","M","?","R","$","R","T","T","M","$","M","?","R","B",null,"M","$","?","M","?","R","M","E","T","R","M","$","T","M","R","B"],"character_chosen":"IRONCLAD","items_purchased":["Whirlwind","Vajra","Warcry","Shrug It Off","Toolbox"],"gold_per_floor":[119,138,67,67,67,67,110,130,130,151,151,171,192,117,117,243,243,256,256,109,125,125,125,125,125,200,200,213,152,175,175,175,299,299,323,119,119,138,138,138,154,185,185,185,205,205,230,255,255,255],"floor_reached":51,"campfire_rested":3,"playtime":2230,"current_hp_per_floor":[62,68,68,68,56,74,39,34,34,31,31,37,36,36,58,24,62,64,64,64,49,49,49,49,49,49,49,40,40,36,36,58,19,60,74,74,74,74,74,74,69,74,74,74,74,74,74,74,74,39],"items_purged":["Strike_R"],"gold":255,"score":995,"play_id":"128f1428-6b6b-48a2-a8ec-56e76617e4d5","local_time":"20180314111129","is_prod":false,"is_daily":false,"is_ascension_mode":true,"campfire_upgraded":1,"timestamp":1521015089,"path_taken":["M","M","$","?","?","R","E","M","T","?","R","M","?","$","R","BOSS","M","?","$","M","?","R","?","R","T","?","M","$","M","?","R","BOSS","M","$","?","M","?","R","M","E","T","R","M","$","?","M","R","BOSS"],"build_version":"2018-03-09","purchased_purges":2,"victory":true,"master_deck":["Strike_R+1","Strike_R+1","Strike_R+1","Defend_R+1","Defend_R+1","Defend_R+1","Defend_R+1","Bash+1","Flex","Rampage","Whirlwind+1","Ghostly Armor+1","Warcry","Heavy Blade","Shrug It Off","Fiend Fire","Spot Weakness+1","Battle Trance+1","Warcry+1","Shrug It Off+1","Reaper","Feel No Pain+1","Shrug It Off+1","Sword Boomerang","Twin Strike+1"],"max_hp_per_floor":[80,80,80,74,74,74,74,74,74,74,74,74,74,74,74,74,74,74,74,74,74,74,74,74,74,74,74,74,74,74,74,74,74,74,74,74,74,74,74,74,74,74,74,74,74,74,74,74,74,74],"relics":["Burning Blood","Golden Idol","Mercury Hourglass","Girya","Kunai","Sozu","Toxic Egg 2","Vajra","The Courier","War Paint","Velvet Choker","Toolbox","Dream Catcher","Shovel","Anchor","Omamori","Happy Flower"],"card_choices":[{"not_picked":["Iron Wave","Reaper"],"picked":"Flex"},{"not_picked":["Shockwave","True Grit"],"picked":"Rampage"},{"not_picked":["Sentinel","Clash"],"picked":"Ghostly Armor"},{"not_picked":["Armaments","Pummel"],"picked":"Warcry"},{"not_picked":["Hemokinesis","Sword Boomerang"],"picked":"Heavy Blade"},{"not_picked":["Disarm","Ghostly Armor"],"picked":"Shrug It Off"},{"not_picked":["Exhume","Barricade"],"picked":"Fiend Fire"},{"not_picked":["Shrug It Off","Bloodletting"],"picked":"Spot Weakness"},{"not_picked":["Sentinel","Cleave"],"picked":"Battle Trance"},{"not_picked":["Brutality","Immolate"],"picked":"Reaper"},{"not_picked":["Inflame","Cleave"],"picked":"Feel No Pain"},{"not_picked":["Armaments","Clothesline"],"picked":"Shrug It Off"},{"not_picked":["Havoc","Anger"],"picked":"Sword Boomerang"},{"not_picked":["Body Slam","Thunderclap"],"picked":"Twin Strike"}],"player_experience":309502,"potions_floor_usage":[10,16,16,33],"damage_taken":[{"damage":16,"enemies":"Jaw Worm","floor":1,"turns":4},{"damage":0,"enemies":"Small Slimes","floor":2,"turns":3},{"damage":41,"enemies":"Lagavulin","floor":7,"turns":6},{"damage":11,"enemies":"Cultist","floor":8,"turns":4},{"damage":9,"enemies":"Red Slaver","floor":10,"turns":2},{"damage":0,"enemies":"3 Louse","floor":12,"turns":1},{"damage":7,"enemies":"Looter","floor":13,"turns":3},{"damage":55,"enemies":"The Guardian","floor":16,"turns":10},{"damage":4,"enemies":"Chosen","floor":18,"turns":3},{"damage":21,"enemies":"2 Thieves","floor":21,"turns":3},{"damage":15,"enemies":"3 Cultists","floor":28,"turns":4},{"damage":10,"enemies":"Snecko","floor":30,"turns":4},{"damage":45,"enemies":"Automaton","floor":33,"turns":8},{"damage":9,"enemies":"3 Darklings","floor":35,"turns":4},{"damage":0,"enemies":"3 Shapes","floor":38,"turns":4},{"damage":11,"enemies":"Maw","floor":41,"turns":5},{"damage":0,"enemies":"Giant Head","floor":42,"turns":5},{"damage":0,"enemies":"3 Darklings","floor":45,"turns":1},{"damage":2,"enemies":"Sphere and 2 Shapes","floor":48,"turns":4},{"damage":41,"enemies":"Donu and Deca","floor":50,"turns":6}],"event_choices":[{"event_name":"Golden Idol","player_choice":"Lose Max HP","floor":4,"damage_taken":0},{"event_name":"Scrap Ooze","player_choice":"success","floor":5,"damage_taken":12},{"event_name":"The Mausoleum","player_choice":"Yes","floor":19,"damage_taken":0},{"event_name":"Drug Dealer","player_choice":"Ignored","floor":22,"damage_taken":0},{"event_name":"Back to Basics","player_choice":"Simplicity","floor":31,"damage_taken":0},{"event_name":"Tomb of Lord Red Mask","player_choice":"Ignored","floor":37,"damage_taken":0}],"boss_relics":[{"not_picked":["Runic Pyramid","Lizard Tail"],"picked":"Sozu"},{"not_picked":["Philosopher\u0027s Stone","Black Star"],"picked":"Velvet Choker"}],"potions_floor_spawned":[2,10,12,16,28,30,35,38,41,48],"seed_played":"-5695719136024179278","ascension_level":8,"is_trial":false}