{"path_per_floor":["M","?","$","?","$","E","$","R","T","M","R","E","?","M","R","B",null,"M","M","?","$","M","R","M","R","T","M","R","$","R","E","R","B",null,"M","$","M","M","?","R","E","$","T","R","M","?","$","E","R","B"],"character_chosen":"IRONCLAD","items_purchased":["Evolve","Pen Nib","Twin Strike","Shrug It Off","Centennial Puzzle","Metallicize","Secret Technique"],"gold_per_floor":[361,361,321,321,68,103,77,77,77,87,87,122,172,185,185,258,258,278,291,291,44,58,58,72,72,72,92,92,23,23,58,58,135,135,149,49,62,73,73,73,106,106,106,406,423,423,95,122,122,122],"floor_reached":51,"campfire_rested":3,"playtime":2381,"current_hp_per_floor":[64,64,64,64,64,53,53,53,53,59,59,37,37,41,41,41,64,65,60,72,72,72,72,62,62,62,64,64,64,64,39,60,14,58,59,59,45,35,35,56,56,56,56,56,56,56,56,61,72,30],"items_purged":["Parasite","Strike_R","Normality"],"gold":122,"score":1307,"play_id":"9eabf523-e0df-4fdf-a6cb-2e5a5a32ac28","local_time":"20180402150853","is_prod":false,"is_daily":false,"is_ascension_mode":true,"campfire_upgraded":7,"timestamp":1522670933,"path_taken":["M","?","$","?","$","E","?","R","T","M","R","E","?","?","R","BOSS","M","M","?","$","?","R","M","R","T","M","R","?","R","E","R","BOSS","M","$","M","M","?","R","E","?","T","R","M","?","$","E","R","BOSS"],"build_version":"2018-03-29v2","purchased_purges":4,"victory":true,"master_deck":["Strike_R+1","Strike_R","Strike_R+1","Strike_R","Defend_R","Defend_R","Defend_R","Bash+1","AscendersBane","Shrug It Off","Evolve+1","Twin Strike+1","Ghostly Armor","Shrug It Off","Flex","Spot Weakness+1","Fiend Fire+1","Offering+1","Heavy Blade+1","Shockwave+1","Metallicize+1","True Grit+1","Secret Technique"],"max_hp_per_floor":[75,75,75,75,72,72,72,72,72,72,72,72,72,72,72,72,72,72,72,72,72,72,72,72,72,72,72,72,72,72,72,72,72,72,72,72,72,72,72,72,72,72,72,72,72,72,72,72,72,72],"relics":["Burning Blood","Pen Nib","Torii","Champion Belt","Bronze Scales","Runic Cube","Centennial Puzzle","Calipers","Sundial","Mark of Pain","Whetstone","Shovel","Old Coin","Dead Branch","Orichalcum"],"card_choices":[{"not_picked":["Flex","Evolve"],"picked":"Shrug It Off","floor":1.0},{"not_picked":["Heavy Blade","Armaments"],"picked":"Ghostly Armor","floor":6.0},{"not_picked":["Twin Strike","True Grit"],"picked":"Flex","floor":10.0},{"not_picked":["Body Slam","Pummel"],"picked":"Spot Weakness","floor":12.0},{"not_picked":["Wild Strike","Warcry"],"picked":"Fiend Fire","floor":14.0},{"not_picked":["Feed","Dark Embrace"],"picked":"Offering","floor":16.0},{"not_picked":["Evolve","Headbutt"],"picked":"Heavy Blade","floor":19.0},{"not_picked":["True Grit","Cleave"],"picked":"Shockwave","floor":24.0},{"not_picked":["Headbutt","Sword Boomerang"],"picked":"True Grit","floor":38.0}],"player_experience":554896,"potions_floor_usage":[],"damage_taken":[{"damage":10.0,"enemies":"Cultist","floor":1.0,"turns":5.0},{"damage":17.0,"enemies":"3 Sentries","floor":6.0,"turns":12.0},{"damage":0.0,"enemies":"Jaw Worm","floor":10.0,"turns":3.0},{"damage":34.0,"enemies":"Gremlin Nob","floor":12.0,"turns":4.0},{"damage":2.0,"enemies":"Small Slimes","floor":14.0,"turns":4.0},{"damage":15.0,"enemies":"Slime Boss","floor":16.0,"turns":6.0},{"damage":5.0,"enemies":"Shell Parasite","floor":18.0,"turns":2.0},{"damage":11.0,"enemies":"3 Byrds","floor":19.0,"turns":4.0},{"damage":0.0,"enemies":"Centurion and Healer","floor":22.0,"turns":4.0},{"damage":16.0,"enemies":"Snake Plant","floor":24.0,"turns":3.0},{"damage":4.0,"enemies":"Snecko","floor":27.0,"turns":2.0},{"damage":31.0,"enemies":"Gremlin Leader","floor":31.0,"turns":5.0},{"damage":52.0,"enemies":"Champ","floor":33.0,"turns":8.0},{"damage":5.0,"enemies":"Orb Walker","floor":35.0,"turns":3.0},{"damage":20.0,"enemies":"3 Darklings","floor":37.0,"turns":4.0},{"damage":16.0,"enemies":"4 Shapes","floor":38.0,"turns":6.0},{"damage":6.0,"enemies":"Giant Head","floor":41.0,"turns":6.0},{"damage":6.0,"enemies":"Maw","floor":45.0,"turns":5.0},{"damage":1.0,"enemies":"Nemesis","floor":48.0,"turns":5.0},{"damage":48,"enemies":"Time Eater","floor":50,"turns":4}],"event_choices":[{"event_name":"Living Wall","player_choice":"Grow","floor":2.0,"damage_taken":0.0},{"event_name":"The Cleric","player_choice":"Leave","floor":4.0,"damage_taken":0.0},{"event_name":"Golden Shrine","player_choice":"Pray","floor":13.0,"damage_taken":0.0},{"event_name":"The Library","player_choice":"Heal","floor":20.0,"damage_taken":0.0},{"event_name":"Accursed Blacksmith","player_choice":"Rummage","floor":46.0,"damage_taken":0.0}],"boss_relics":[],"potions_floor_spawned":[10,12,14,16,19,31,33,35,48],"seed_played":"605944528590708071","ascension_level":15,"is_trial":false}