{"path_per_floor":["M","?","M","M","M","E","?","?","T","M","R","$","E","M","R","B",null,"M","$","M","$","M"],"character_chosen":"IRONCLAD","items_purchased":["Limit Break"],"gold_per_floor":[116,96,115,128,144,178,178,128,158,173,173,113,147,167,167,265,265,283,283,301,91,102,102],"floor_reached":23,"campfire_rested":0,"playtime":1020,"current_hp_per_floor":[78,78,80,80,80,69,74,74,74,72,72,72,81,85,85,85,85,77,77,53,53,31,0],"items_purged":["Strike_R","Strike_R"],"gold":102,"score":203,"play_id":"ad12e6db-0018-4ff2-b049-7f13b5709f0c","local_time":"20180327233159","is_prod":false,"is_daily":false,"is_ascension_mode":false,"campfire_upgraded":2,"timestamp":1522182719,"path_taken":["M","?","M","?","M","E","?","?","T","M","R","$","E","M","R","BOSS","M","$","M","$","M","E"],"build_version":"2018-03-22v2","purchased_purges":3,"victory":false,"master_deck":["Strike_R","Strike_R","Defend_R+1","Defend_R","Defend_R","Defend_R","Bash+1","Spot Weakness+1","Metallicize+1","Heavy Blade","Disarm+1","Headbutt","Reaper","Reaper","Exhume","Clothesline+1","Limit Break"],"max_hp_per_floor":[80,80,80,80,80,80,85,85,85,85,85,85,85,85,85,85,85,85,85,85,85,85,85],"relics":["Black Blood","The Courier","Tiny Chest","War Paint"],"card_choices":[{"not_picked":["Rage","Dual Wield"],"picked":"Spot Weakness","floor":1.0},{"not_picked":["Dropkick","Seeing Red"],"picked":"Metallicize","floor":3.0},{"not_picked":["Body Slam","Blood for Blood"],"picked":"Heavy Blade","floor":4.0},{"not_picked":["Headbutt","Perfected Strike"],"picked":"Disarm","floor":5.0},{"not_picked":["Sword Boomerang","Sever Soul"],"picked":"Headbutt","floor":6.0},{"not_picked":["Disarm","Corruption"],"picked":"Reaper","floor":10.0},{"not_picked":["Headbutt","Thunderclap"],"picked":"Reaper","floor":13.0},{"not_picked":["Bludgeon","Fiend Fire"],"picked":"Exhume","floor":16.0},{"not_picked":["Twin Strike","Dropkick"],"picked":"Clothesline","floor":20.0}],"player_experience":481512,"potions_floor_usage":[22,23],"damage_taken":[{"damage":8.0,"enemies":"Small Slimes","floor":1.0,"turns":3.0},{"damage":1.0,"enemies":"Cultist","floor":3.0,"turns":3.0},{"damage":3.0,"enemies":"Jaw Worm","floor":4.0,"turns":5.0},{"damage":1.0,"enemies":"2 Fungi Beasts","floor":5.0,"turns":3.0},{"damage":17.0,"enemies":"Gremlin Nob","floor":6.0,"turns":4.0},{"damage":8.0,"enemies":"Blue Slaver","floor":10.0,"turns":5.0},{"damage":14.0,"enemies":"3 Sentries","floor":13.0,"turns":8.0},{"damage":0.0,"enemies":"Large Slime","floor":14.0,"turns":6.0},{"damage":31.0,"enemies":"Hexaghost","floor":16.0,"turns":9.0},{"damage":30.0,"enemies":"Spheric Guardian","floor":18.0,"turns":6.0},{"damage":44.0,"enemies":"2 Thieves","floor":20.0,"turns":5.0},{"damage":59,"enemies":"Sentry and Sphere","floor":22,"turns":7},{"damage":37,"enemies":"Slavers","floor":23,"turns":2}],"event_choices":[{"event_name":"The Woman in Blue","player_choice":"Bought 1 Potion","floor":2.0,"damage_taken":0.0},{"event_name":"Big Fish","player_choice":"Donut","floor":7.0,"damage_taken":0.0},{"event_name":"The Cleric","player_choice":"Card Removal","floor":8.0,"damage_taken":0.0}],"boss_relics":[],"potions_floor_spawned":[1,4,5,13,18,22],"seed_played":"-3769328227538990651","killed_by":"Slavers","ascension_level":0,"is_trial":false}