{"path_per_floor":["M","?","?","?","M","R","E","?","T","E","M","$","R","M","R","B",null,"M","M","M","?","?","R","E","R","T","R","$","E","M","E","R","B",null,"M","?","M","M","$","E","M","M","T","E","M","$","E","M","R","B"],"character_chosen":"IRONCLAD","items_purchased":["Vajra","Bottled Flame","Exhume"],"gold_per_floor":[113,113,38,38,51,51,83,158,158,184,201,52,52,66,66,137,137,149,159,169,169,169,169,194,194,247,247,172,198,217,246,246,320,320,340,340,360,379,23,54,73,85,85,115,125,58,89,102,102,102],"floor_reached":51,"campfire_rested":4,"playtime":2450,"current_hp_per_floor":[74,74,74,74,75,75,75,64,64,50,53,53,53,48,48,73,75,74,68,58,58,37,59,14,36,36,58,58,56,50,50,50,24,62,75,75,75,75,75,83,85,85,85,33,30,30,34,50,75,24],"items_purged":["Strike_R","Strike_R"],"gold":102,"score":1590,"play_id":"d1181993-bf81-4055-ad4a-6d24c4dec431","local_time":"20180419134303","is_prod":false,"is_daily":false,"chose_seed":false,"is_ascension_mode":true,"campfire_upgraded":4,"timestamp":1524134583,"path_taken":["M","?","?","?","?","R","E","?","T","E","M","$","R","?","R","BOSS","M","M","M","?","?","R","E","R","T","R","$","E","M","E","R","BOSS","M","?","M","M","$","E","M","M","T","E","M","$","E","M","R","BOSS"],"build_version":"2018-04-12","seed_source_timestamp":589593753971977,"purchased_purges":2,"victory":true,"master_deck":["Defend_R","Defend_R","Defend_R","Defend_R","Bash+1","AscendersBane","Armaments+1","Wild Strike+1","Whirlwind+1","Sword Boomerang","Offering","Metallicize","Inflame","Shrug It Off","Offering+1","Demon Form","Reaper","Offering","Shockwave","Heavy Blade","Exhume","Shockwave+1"],"max_hp_per_floor":[75,75,75,75,75,75,75,75,75,75,75,75,75,75,75,75,75,75,75,75,75,75,75,75,75,75,75,75,75,75,75,75,75,75,75,75,75,75,75,85,85,85,85,85,85,85,85,85,85,85],"relics":["Burning Blood","NeowsBlessing","Pantograph","Kunai","Du-Vu Doll","Vajra","Philosopher\u0027s Stone","Enchiridion","Question Card","Bag of Marbles","Blood Vial","Anchor","Sozu","Bottled Flame","Pear","Ancient Tea Set","Bottled Lightning","Bottled Tornado"],"card_choices":[{"not_picked":["Rampage","Shrug It Off"],"picked":"Spot Weakness","floor":1},{"not_picked":["Sever Soul","Pommel Strike"],"picked":"Wild Strike","floor":5},{"not_picked":["Flex","Warcry"],"picked":"Whirlwind","floor":10},{"not_picked":["Twin Strike","Warcry"],"picked":"Sword Boomerang","floor":11},{"not_picked":["Exhume","Juggernaut"],"picked":"Offering","floor":16},{"not_picked":["Warcry","Anger"],"picked":"Metallicize","floor":18},{"not_picked":["Ghostly Armor","Warcry"],"picked":"Inflame","floor":19},{"not_picked":["Perfected Strike","Armaments"],"picked":"Shrug It Off","floor":20},{"not_picked":["Armaments","Havoc"],"picked":"Offering","floor":24},{"not_picked":["Reckless Charge","Warcry","Iron Wave"],"picked":"Demon Form","floor":31},{"not_picked":["Double Tap","Exhume","Feed"],"picked":"Reaper","floor":33},{"not_picked":["Heavy Blade","Flex","Clash"],"picked":"Offering","floor":40},{"not_picked":["Warcry","Combust","Evolve"],"picked":"Shockwave","floor":44},{"not_picked":["Ghostly Armor","Whirlwind","Thunderclap"],"picked":"Heavy Blade","floor":45},{"not_picked":["Body Slam","Clothesline","Bludgeon"],"picked":"Shockwave","floor":47}],"player_experience":408040,"potions_floor_usage":[10,20,44,44,50],"damage_taken":[{"damage":0,"enemies":"Jaw Worm","floor":1,"turns":1},{"damage":0,"enemies":"Small Slimes","floor":5,"turns":1},{"damage":0,"enemies":"Gremlin Nob","floor":7,"turns":1},{"damage":20,"enemies":"Lagavulin","floor":10,"turns":4},{"damage":3,"enemies":"2 Louse","floor":11,"turns":2},{"damage":11,"enemies":"Looter","floor":14,"turns":2},{"damage":6,"enemies":"The Guardian","floor":16,"turns":10},{"damage":7,"enemies":"Spheric Guardian","floor":18,"turns":3},{"damage":12,"enemies":"Shell Parasite","floor":19,"turns":4},{"damage":16,"enemies":"Snake Plant","floor":20,"turns":4},{"damage":51,"enemies":"Slavers","floor":24,"turns":5},{"damage":8,"enemies":"Gremlin Leader","floor":29,"turns":3},{"damage":14,"enemies":"Chosen and Byrds","floor":30,"turns":2},{"damage":8,"enemies":"Slavers","floor":31,"turns":3},{"damage":57,"enemies":"Champ","floor":33,"turns":10},{"damage":8,"enemies":"3 Shapes","floor":35,"turns":3},{"damage":4,"enemies":"3 Darklings","floor":37,"turns":1},{"damage":31,"enemies":"Maw","floor":38,"turns":6},{"damage":8,"enemies":"2 Orb Walkers","floor":40,"turns":1},{"damage":4,"enemies":"4 Shapes","floor":41,"turns":1},{"damage":0,"enemies":"3 Darklings","floor":42,"turns":1},{"damage":80,"enemies":"Nemesis","floor":44,"turns":5},{"damage":25,"enemies":"Maw","floor":45,"turns":5},{"damage":4,"enemies":"2 Orb Walkers","floor":47,"turns":1},{"damage":10,"enemies":"Sphere and 2 Shapes","floor":48,"turns":1},{"damage":95,"enemies":"Donu and Deca","floor":50,"turns":7}],"event_choices":[{"event_name":"Living Wall","player_choice":"Grow","floor":2,"damage_taken":0},{"event_name":"The Cleric","player_choice":"Card Removal","floor":3,"damage_taken":0},{"event_name":"Transmorgrifier","player_choice":"Transform","floor":4,"damage_taken":0},{"event_name":"World of Goop","player_choice":"Gather Gold","floor":8,"damage_taken":0},{"event_name":"Back to Basics","player_choice":"Elegance","floor":21,"damage_taken":0},{"event_name":"Cursed Tome","player_choice":"Obtained Book","floor":22,"damage_taken":0}],"boss_relics":[{"not_picked":["Calling Bell","Snecko Eye"],"picked":"Philosopher\u0027s Stone"},{"not_picked":["Black Star","Astrolabe"],"picked":"Sozu"}],"potions_floor_spawned":[1,7,16,18,19,30,33,40,42,44,45,48],"seed_played":"-7766724538507877312","ascension_level":15,"is_trial":false}