{"path_per_floor":["M","M","M","$","M","R","?","?","T","E","M","M","T","?","R","B",null,"M","$","M","M","$","M","M","?","T","R","T","M","?","$","R","B",null,"M","$","?","M","M","E","R","M","T","?","R","M","E","$","R","B"],"character_chosen":"THE_SILENT","items_purchased":["Master of Strategy","Finesse"],"gold_per_floor":[117,136,156,156,169,169,169,169,169,199,217,234,234,234,234,337,337,349,72,86,106,106,124,137,137,137,137,190,206,206,112,112,214,214,230,130,130,147,158,193,193,205,229,229,229,246,278,153,153,153],"floor_reached":51,"campfire_rested":3,"playtime":5927,"current_hp_per_floor":[70,70,68,68,68,68,68,68,68,33,33,33,33,21,42,5,70,67,67,67,55,55,45,24,11,11,33,33,22,22,22,45,1,87,89,89,89,91,93,95,95,97,97,97,97,99,101,101,101,101],"items_purged":["Bouncing Flask","Survivor","Quick Slash"],"gold":153,"score":859,"play_id":"fae3968e-9aa0-4ac4-b8ae-729f29e40cc5","local_time":"20180329185200","is_prod":false,"is_daily":false,"is_ascension_mode":false,"campfire_upgraded":1,"timestamp":1522363920,"path_taken":["M","?","M","$","M","R","?","?","T","E","M","M","?","?","R","BOSS","M","$","M","M","$","M","M","?","T","R","?","?","?","?","R","BOSS","M","$","?","M","M","E","R","M","T","?","R","M","E","$","R","BOSS"],"build_version":"2018-03-22v2","purchased_purges":3,"victory":true,"master_deck":["Neutralize+1","Reflex","Backflip","Prepared","Dagger Throw","Dagger Throw","Apotheosis","Finesse","Adrenaline"],"max_hp_per_floor":[70,70,70,70,70,70,70,70,70,70,70,70,70,70,70,70,70,70,70,70,70,70,70,70,75,75,75,75,77,77,77,77,77,87,89,89,89,91,93,95,95,97,97,97,97,99,101,101,101,101],"relics":["Ring of the Snake","Unceasing Top","Gremlin Horn","Bird Faced Urn","Mercury Hourglass","Pandora\u0027s Box","Peace Pipe","Singing Bowl","Orrery","Dream Catcher","Orichalcum","Art of War"],"card_choices":[{"not_picked":["Quick Slash","Underhanded Strike"],"picked":"Adrenaline","floor":3.0},{"not_picked":["Corpse Explosion","Storm of Steel"],"picked":"Adrenaline","floor":33.0}],"player_experience":161445,"potions_floor_usage":[],"damage_taken":[{"damage":0.0,"enemies":"Cultist","floor":1.0,"turns":5.0},{"damage":0.0,"enemies":"2 Louse","floor":2.0,"turns":4.0},{"damage":2.0,"enemies":"Small Slimes","floor":3.0,"turns":4.0},{"damage":0.0,"enemies":"Exordium Wildlife","floor":5.0,"turns":4.0},{"damage":35.0,"enemies":"Gremlin Nob","floor":10.0,"turns":7.0},{"damage":0.0,"enemies":"2 Fungi Beasts","floor":11.0,"turns":6.0},{"damage":0.0,"enemies":"Lots of Slimes","floor":12.0,"turns":6.0},{"damage":52.0,"enemies":"The Guardian","floor":16.0,"turns":25.0},{"damage":3.0,"enemies":"2 Thieves","floor":18.0,"turns":4.0},{"damage":0.0,"enemies":"3 Byrds","floor":20.0,"turns":4.0},{"damage":12.0,"enemies":"Centurion and Healer","floor":21.0,"turns":5.0},{"damage":10.0,"enemies":"Chosen and Byrds","floor":23.0,"turns":5.0},{"damage":21.0,"enemies":"Snake Plant","floor":24.0,"turns":6.0},{"damage":13.0,"enemies":"Cultist and Chosen","floor":29.0,"turns":4.0},{"damage":44.0,"enemies":"Collector","floor":33.0,"turns":11.0},{"damage":0.0,"enemies":"3 Darklings","floor":35.0,"turns":1.0},{"damage":0.0,"enemies":"Orb Walker","floor":38.0,"turns":2.0},{"damage":0.0,"enemies":"3 Darklings","floor":39.0,"turns":1.0},{"damage":0.0,"enemies":"Nemesis","floor":40.0,"turns":1.0},{"damage":0.0,"enemies":"Sphere and 2 Shapes","floor":42.0,"turns":1.0},{"damage":0.0,"enemies":"Maw","floor":46.0,"turns":1.0},{"damage":0.0,"enemies":"Giant Head","floor":47.0,"turns":1.0},{"damage":0,"enemies":"Donu and Deca","floor":50,"turns":1}],"event_choices":[{"event_name":"Living Wall","player_choice":"Forget","floor":7.0,"damage_taken":0.0},{"event_name":"Transmorgrifier","player_choice":"Transform","floor":8.0,"damage_taken":0.0},{"event_name":"Scrap Ooze","player_choice":"success","floor":14.0,"damage_taken":12.0},{"event_name":"Forgotten Altar","player_choice":"Shed Blood","floor":25.0,"damage_taken":0.0},{"event_name":"Transmorgrifier","player_choice":"Transform","floor":30.0,"damage_taken":0.0},{"event_name":"Winding Halls","player_choice":"Writhe","floor":44.0,"damage_taken":0.0}],"boss_relics":[],"potions_floor_spawned":[3,5,10,12,18,21,33,39,42,46,47],"seed_played":"-830382731123838079","ascension_level":0,"is_trial":false}