{"path_per_floor":["M","?","?","?","M","R","M","M","T","R","$","R","$","M","R","B",null,"M","M","$","M","M","E","R","?","T","R","M","M","R","E","R","B",null,"M","?","M","M","M","R","$","?","T","M","R","?","M","M","R"],"character_chosen":"THE_SILENT","items_purchased":["Infinite Blades","Blade Dance","Finisher","Bottled Tornado","Bag of Marbles","Blur"],"gold_per_floor":[113,113,63,63,81,81,97,117,142,142,142,142,36,53,53,149,149,167,183,35,54,73,105,105,320,373,373,392,404,404,438,438,538,538,552,552,571,582,596,596,13,13,81,95,95,95,111,122,122,122],"floor_reached":50,"campfire_rested":5,"playtime":3094,"current_hp_per_floor":[70,70,70,58,58,58,58,58,58,58,58,58,58,58,58,38,70,68,60,60,60,51,27,48,48,48,48,48,47,47,36,57,43,95,95,95,62,42,26,54,54,54,54,54,82,70,57,53,81,0],"items_purged":["Venomology","Normality"],"gold":122,"score":526,"play_id":"246c9a46-57ec-4924-9b52-625c45666ce5","local_time":"20180325161433","is_prod":false,"is_daily":false,"is_ascension_mode":false,"campfire_upgraded":6,"timestamp":1522008873,"path_taken":["M","?","?","?","M","R","M","?","T","R","?","R","$","M","R","BOSS","M","M","$","M","M","E","R","?","T","R","M","?","R","E","R","BOSS","M","?","M","M","M","R","$","?","T","?","R","?","?","M","R","BOSS"],"build_version":"2018-03-22v2","purchased_purges":2,"victory":false,"master_deck":["Defend_G","Defend_G","Defend_G","Defend_G","Defend_G","Strike_G","Strike_G","Strike_G","Strike_G","Strike_G","Survivor","Neutralize","Cloak And Dagger+1","Footwork+1","Backflip","Cloak And Dagger+1","Infinite Blades+1","Blade Dance+1","Backflip","Skewer+1","Finisher","Finisher","Accuracy+1","Die Die Die","Writhe","Parasite","Escape Plan+1","Blur","Blade Dance+1","Madness","Madness"],"max_hp_per_floor":[70,70,70,70,70,70,70,70,70,70,70,70,70,70,70,70,70,70,70,70,70,70,70,70,70,70,70,70,70,70,70,70,70,95,95,95,95,95,95,95,95,95,95,95,95,95,95,95,95,95],"relics":["Ring of the Snake","Orichalcum","Vajra","Pen Nib","Sozu","Darkstone Periapt","Old Coin","Snake Skull","Gambling Chip","Calling Bell","Tough Bandages","Strawberry","Toolbox","Bottled Tornado","Bag of Marbles","Meat on the Bone"],"card_choices":[{"not_picked":["Deadly Poison","Outmaneuver"],"picked":"Cloak And Dagger","floor":0},{"not_picked":["Poisoned Stab","Slice"],"picked":"Footwork","floor":1},{"not_picked":["Expertise","Sucker Punch"],"picked":"Backflip","floor":7},{"not_picked":["Bane","Deflect"],"picked":"Cloak And Dagger","floor":8},{"not_picked":["Underhanded Strike","Deflect"],"picked":"Backflip","floor":14},{"not_picked":["Wraith Form","Corpse Explosion"],"picked":"Venomology","floor":16},{"not_picked":["Malaise","Outmaneuver"],"picked":"Skewer","floor":19},{"not_picked":["Deadly Poison","Dagger Spray"],"picked":"Finisher","floor":21},{"not_picked":["Poisoned Stab","Quick Slash"],"picked":"Accuracy","floor":23},{"not_picked":["Glass Knife","Night Terror"],"picked":"Die Die Die","floor":33},{"not_picked":["Well Laid Plans","Poisoned Stab"],"picked":"Escape Plan","floor":37},{"not_picked":["Finisher","Eviscerate"],"picked":"Quick Slash","floor":38},{"not_picked":["Sucker Punch","Noxious Fumes"],"picked":"Blade Dance","floor":44}],"player_experience":42303,"potions_floor_usage":[18,19,33],"damage_taken":[{"damage":0,"enemies":"Small Slimes","floor":1,"turns":4},{"damage":0,"enemies":"Jaw Worm","floor":5,"turns":6},{"damage":0,"enemies":"Cultist","floor":7,"turns":4},{"damage":0,"enemies":"3 Louse","floor":8,"turns":5},{"damage":0,"enemies":"Large Slime","floor":14,"turns":3},{"damage":20,"enemies":"Slime Boss","floor":16,"turns":11},{"damage":2,"enemies":"2 Thieves","floor":18,"turns":4},{"damage":8,"enemies":"Spheric Guardian","floor":19,"turns":4},{"damage":0,"enemies":"Centurion and Healer","floor":21,"turns":5},{"damage":9,"enemies":"Snecko","floor":22,"turns":4},{"damage":24,"enemies":"Slavers","floor":23,"turns":6},{"damage":0,"enemies":"Chosen and Byrds","floor":28,"turns":6},{"damage":1,"enemies":"Snake Plant","floor":29,"turns":4},{"damage":11,"enemies":"Book of Stabbing","floor":31,"turns":6},{"damage":14,"enemies":"Champ","floor":33,"turns":8},{"damage":0,"enemies":"Orb Walker","floor":35,"turns":3},{"damage":33,"enemies":"3 Darklings","floor":37,"turns":6},{"damage":20,"enemies":"4 Shapes","floor":38,"turns":7},{"damage":16,"enemies":"Maw","floor":39,"turns":7},{"damage":0,"enemies":"Sphere and 2 Shapes","floor":44,"turns":3},{"damage":25,"enemies":"4 Shapes","floor":47,"turns":8},{"damage":16,"enemies":"Maw","floor":48,"turns":6},{"damage":92,"enemies":"Donu and Deca","floor":50,"turns":10}],"event_choices":[{"event_name":"Big Fish","player_choice":"Box","floor":2,"damage_taken":0},{"event_name":"The Cleric","player_choice":"Card Removal","floor":3,"damage_taken":0},{"event_name":"Scrap Ooze","player_choice":"success","floor":4,"damage_taken":12},{"event_name":"Addict","player_choice":"Obtained Relic","floor":25,"damage_taken":0},{"event_name":"Tomb of Lord Red Mask","player_choice":"Ignored","floor":36,"damage_taken":0},{"event_name":"Winding Halls","player_choice":"Embrace Madness","floor":46,"damage_taken":0}],"boss_relics":[{"not_picked":["Philosopher\u0027s Stone","White Beast Statue"],"picked":"Sozu"},{"not_picked":["Eternal Feather","Black Star"],"picked":"Calling Bell"}],"potions_floor_spawned":[1,7,8,14,18,21,29,35,37,47],"seed_played":"6374357386768754404","killed_by":"Donu and Deca","ascension_level":0,"is_trial":false}