{"path_per_floor":["M","?","$","M","M","E","$","R","T","M","M","$","M","M","R","B",null,"M","?","?","$","M","R","M","R","T","E","M","M","?","M","R","B",null,"M","$","?","?","M","R","M","R","T","R","?","T","R","M","R","B"],"character_chosen":"THE_SILENT","items_purchased":["Poisoned Stab","Footwork","Oddly Smooth Stone"],"gold_per_floor":[116,116,17,30,45,75,25,25,25,36,49,49,59,76,76,171,171,153,153,153,25,45,45,64,64,64,91,103,118,43,54,54,154,154,173,19,19,19,34,34,51,51,51,51,51,98,98,113,113,113],"floor_reached":51,"campfire_rested":4,"playtime":4059,"current_hp_per_floor":[56,49,49,49,49,23,23,23,23,19,7,7,1,1,22,7,54,54,38,38,38,38,38,8,29,29,29,26,26,26,26,47,12,56,39,39,39,39,32,32,8,29,29,29,47,47,47,62,62,30],"items_purged":["Pain","Strike_G","Strike_G"],"gold":113,"score":966,"play_id":"0cc2f139-5df1-433c-a79e-cb0315a35c4d","local_time":"20180413185719","is_prod":false,"is_daily":false,"chose_seed":false,"is_ascension_mode":true,"campfire_upgraded":6,"timestamp":1523660239,"path_taken":["M","?","$","M","M","E","$","R","T","?","M","$","M","M","R","BOSS","M","?","?","?","M","R","M","R","T","E","M","M","?","M","R","BOSS","M","?","?","?","?","R","M","R","T","R","?","?","R","M","R","BOSS"],"build_version":"2018-04-12","seed_source_timestamp":367146010456563,"purchased_purges":3,"victory":true,"master_deck":["Defend_G+1","Defend_G+1","Defend_G","Defend_G","Defend_G","Survivor","Neutralize","AscendersBane","Malaise+1","Poisoned Stab","Deadly Poison","Bane","Escape Plan","Dodge and Roll","Malaise+1","Escape Plan","Burst+1","Prepared+1","Finisher+1","Slice+1","Bane+1","Footwork+1","Catalyst+1","Adrenaline","Burst+1","Poisoned Stab+1","Mind Blast","Deadly Poison+1","Writhe"],"max_hp_per_floor":[70,70,70,70,70,70,70,70,70,70,70,70,70,70,70,70,70,70,70,70,70,70,70,70,70,70,70,70,70,70,70,70,70,70,70,70,70,70,70,70,70,70,70,70,70,70,70,70,70,70],"relics":["Ring of the Snake","Gambling Chip","Smiling Mask","Tough Bandages","Blue Candle","Astrolabe","Enchiridion","Letter Opener","Happy Flower","Velvet Choker","Oddly Smooth Stone","Prayer Wheel","War Paint"],"card_choices":[{"not_picked":["Flying Knee","Blade Dance"],"picked":"Malaise","floor":1},{"not_picked":["Deflect","Prepared"],"picked":"Deadly Poison","floor":4},{"not_picked":["Cloak And Dagger","Dagger Throw"],"picked":"Bane","floor":5},{"not_picked":["Tools of the Trade","Endless Agony"],"picked":"Escape Plan","floor":6},{"not_picked":["Terror","PiercingWail"],"picked":"Bane","floor":10},{"not_picked":["Dagger Spray","Cloak And Dagger"],"picked":"Dodge and Roll","floor":11},{"not_picked":["Poisoned Stab","Infinite Blades"],"picked":"Malaise","floor":13},{"not_picked":["Sucker Punch","Unload"],"picked":"Escape Plan","floor":14},{"not_picked":["Bullet Time","Unload"],"picked":"Burst","floor":16},{"not_picked":["Dagger Throw","Outmaneuver"],"picked":"Bane","floor":18},{"not_picked":["Leg Sweep","Acrobatics"],"picked":"Catalyst","floor":22},{"not_picked":["Backstab","Reflex"],"picked":"Adrenaline","floor":31},{"not_picked":["Night Terror","A Thousand Cuts"],"picked":"Burst","floor":33},{"not_picked":["Concentrate","Accuracy"],"picked":"Poisoned Stab","floor":35},{"not_picked":["Good Instincts","Dramatic Entrance"],"picked":"Mind Blast","floor":37},{"not_picked":["Endless Agony","Sucker Punch"],"picked":"Deadly Poison","floor":39}],"player_experience":345555,"potions_floor_usage":[24,48,50,50],"damage_taken":[{"damage":7,"enemies":"Jaw Worm","floor":1,"turns":7},{"damage":0,"enemies":"2 Louse","floor":4,"turns":3},{"damage":0,"enemies":"Cultist","floor":5,"turns":3},{"damage":26,"enemies":"Lagavulin","floor":6,"turns":6},{"damage":4,"enemies":"Blue Slaver","floor":10,"turns":3},{"damage":12,"enemies":"Exordium Wildlife","floor":11,"turns":5},{"damage":6,"enemies":"3 Louse","floor":13,"turns":5},{"damage":0,"enemies":"Blue Slaver","floor":14,"turns":3},{"damage":15,"enemies":"Hexaghost","floor":16,"turns":13},{"damage":0,"enemies":"2 Thieves","floor":18,"turns":4},{"damage":0,"enemies":"Shell Parasite","floor":22,"turns":5},{"damage":30,"enemies":"Cultist and Chosen","floor":24,"turns":6},{"damage":0,"enemies":"Book of Stabbing","floor":27,"turns":7},{"damage":3,"enemies":"Slaver and Parasite","floor":28,"turns":10},{"damage":0,"enemies":"Snake Plant","floor":29,"turns":8},{"damage":0,"enemies":"Centurion and Healer","floor":31,"turns":5},{"damage":35,"enemies":"Champ","floor":33,"turns":17},{"damage":17,"enemies":"3 Darklings","floor":35,"turns":11},{"damage":7,"enemies":"3 Shapes","floor":39,"turns":5},{"damage":24,"enemies":"3 Darklings","floor":41,"turns":7},{"damage":0,"enemies":"4 Shapes","floor":48,"turns":10},{"damage":32,"enemies":"Time Eater","floor":50,"turns":21}],"event_choices":[{"event_name":"Scrap Ooze","player_choice":"success","floor":2,"damage_taken":7},{"event_name":"Cursed Tome","player_choice":"Obtained Book","floor":19,"damage_taken":0},{"event_name":"Drug Dealer","player_choice":"Ignored","floor":20,"damage_taken":0},{"event_name":"Beggar","player_choice":"Gave Gold","floor":30,"damage_taken":0},{"event_name":"SensoryStone","player_choice":"Memory 1","floor":37,"damage_taken":0},{"event_name":"Mysterious Sphere","player_choice":"Ignore","floor":38,"damage_taken":0},{"event_name":"Winding Halls","player_choice":"Writhe","floor":45,"damage_taken":0}],"boss_relics":[{"not_picked":["Philosopher\u0027s Stone","Tiny House"],"picked":"Astrolabe"},{"not_picked":["Calling Bell","Snecko Eye"],"picked":"Velvet Choker"}],"potions_floor_spawned":[1,6,11,27,28,33,39,41,48],"seed_played":"6037339289558535426","ascension_level":10,"is_trial":false}