{"path_per_floor":["M","M","M","?","?","$","M","M","T","R","M","?","?","E","R"],"character_chosen":"THE_SILENT","items_purchased":["Secret Technique","Cloak And Dagger"],"gold_per_floor":[119,138,155,155,330,19,35,54,54,54,66,66,16,49,49,49],"floor_reached":16,"campfire_rested":0,"playtime":579,"current_hp_per_floor":[61,61,61,66,66,66,63,63,63,63,60,60,60,37,37,39],"items_purged":["Doubt"],"gold":49,"score":102,"play_id":"216868fb-88a4-4701-9408-6c18373642b8","local_time":"20180407163140","is_prod":false,"is_daily":false,"is_ascension_mode":false,"campfire_upgraded":2,"timestamp":1523133100,"path_taken":["M","?","M","?","?","$","M","?","T","R","M","?","?","E","R","BOSS"],"build_version":"2018-04-05","purchased_purges":1,"victory":false,"master_deck":["Defend_G","Defend_G","Defend_G","Defend_G","Defend_G","Strike_G","Strike_G","Strike_G","Strike_G","Survivor","Neutralize","Backstab+1","Prepared","Deflect","Secret Technique","Cloak And Dagger","Prepared","Dagger Spray","Cloak And Dagger","Backstab+1"],"max_hp_per_floor":[70,70,70,75,75,75,75,75,75,75,75,75,75,75,75,75],"relics":["Ring of the Snake","Juzu Bracelet","Blood Vial"],"card_choices":[{"not_picked":["Flying Knee","Calculated Gamble"],"picked":"Backstab","floor":1},{"not_picked":["Underhanded Strike","Dagger Throw"],"picked":"Prepared","floor":2},{"not_picked":["Deadly Poison","Slice"],"picked":"Deflect","floor":3},{"not_picked":["Underhanded Strike","Corpse Explosion"],"picked":"Prepared","floor":7},{"not_picked":["Poisoned Stab","Reflex"],"picked":"Dagger Spray","floor":8},{"not_picked":["Dagger Spray","Deadly Poison"],"picked":"Cloak And Dagger","floor":11},{"not_picked":["Leg Sweep","Riddle With Holes"],"picked":"Backstab","floor":14}],"player_experience":191059,"potions_floor_usage":[14],"damage_taken":[{"damage":9,"enemies":"Cultist","floor":1,"turns":5},{"damage":0,"enemies":"Small Slimes","floor":2,"turns":4},{"damage":0,"enemies":"2 Louse","floor":3,"turns":2},{"damage":3,"enemies":"Blue Slaver","floor":7,"turns":4},{"damage":0,"enemies":"3 Louse","floor":8,"turns":4},{"damage":3,"enemies":"2 Fungi Beasts","floor":11,"turns":4},{"damage":23,"enemies":"Lagavulin","floor":14,"turns":7},{"damage":0,"enemies":"Slime Boss","floor":16,"turns":1}],"event_choices":[{"event_name":"Big Fish","player_choice":"Donut","floor":4,"damage_taken":0},{"event_name":"Liars Game","player_choice":"agreed","floor":5,"damage_taken":0},{"event_name":"Dead Adventurer","player_choice":"Searched \u00271\u0027 times","floor":12,"damage_taken":0},{"event_name":"The Cleric","player_choice":"Card Removal","floor":13,"damage_taken":0}],"boss_relics":[],"potions_floor_spawned":[3,7,11],"seed_played":"-4887229674098317069","killed_by":"Slime Boss","ascension_level":0,"is_trial":false}