{"path_per_floor":["M","$","M","?","?","R","M","R","T","M","?","?","$","?","R","B"],"character_chosen":"THE_SILENT","items_purchased":["Finisher","Finisher"],"gold_per_floor":[110,36,46,46,11,11,30,30,101,113,113,113,36,36,36,139,139],"floor_reached":17,"campfire_rested":0,"playtime":441,"current_hp_per_floor":[64,64,60,60,77,77,74,74,74,68,50,50,50,50,50,5,5],"items_purged":[],"gold":139,"score":142,"play_id":"4f1f330f-3350-471f-89e5-81a14baac822","local_time":"20180407163939","is_prod":false,"is_daily":false,"is_ascension_mode":false,"campfire_upgraded":3,"timestamp":1523133579,"path_taken":["M","$","M","?","?","R","M","R","T","M","?","?","$","?","R","BOSS"],"build_version":"2018-04-05","purchased_purges":0,"victory":false,"master_deck":["Defend_G+1","Defend_G","Defend_G","Defend_G","Defend_G+1","Strike_G","Strike_G","Strike_G","Strike_G","Strike_G","Survivor","Neutralize","Clumsy","Finisher+1","Finisher+1","Slice","Slice+1","Dagger Spray","Finisher+1","Tools of the Trade"],"max_hp_per_floor":[77,77,77,77,77,77,77,77,77,77,77,77,77,77,77,77,77],"relics":["Calling Bell","War Paint","Ornamental Fan","Strawberry","Spirit Poop","Ninja Scroll","Paper Crane","Runic Dome"],"card_choices":[{"not_picked":["Blur","Reflex"],"picked":"Finisher","floor":1},{"not_picked":["Bane","Eviscerate"],"picked":"Slice","floor":3},{"not_picked":["Setup","Deflect"],"picked":"Slice","floor":7},{"not_picked":["Bane","Dodge and Roll"],"picked":"Dagger Spray","floor":10},{"not_picked":["After Image","A Thousand Cuts"],"picked":"Tools of the Trade","floor":16}],"player_experience":191638,"potions_floor_usage":[],"damage_taken":[{"damage":13,"enemies":"Jaw Worm","floor":1,"turns":5},{"damage":4,"enemies":"Cultist","floor":3,"turns":4},{"damage":3,"enemies":"2 Louse","floor":7,"turns":2},{"damage":6,"enemies":"Looter","floor":10,"turns":3},{"damage":45,"enemies":"The Guardian","floor":16,"turns":10}],"event_choices":[{"event_name":"Bonfire Elementals","player_choice":"CURSE","floor":4,"damage_taken":0},{"event_name":"The Cleric","player_choice":"Healed","floor":5,"damage_taken":0},{"event_name":"Scrap Ooze","player_choice":"success","floor":11,"damage_taken":18},{"event_name":"Purifier","player_choice":"One Purge","floor":12,"damage_taken":0},{"event_name":"Upgrade Shrine","player_choice":"Upgraded","floor":14,"damage_taken":0}],"boss_relics":[{"not_picked":["Runic Pyramid","Black Star"],"picked":"Runic Dome"}],"potions_floor_spawned":[7,10,16],"seed_played":"-5830585207492027057","ascension_level":0,"is_trial":false}