{"path_per_floor":["M","$","?","?","?","R","$","R","T","?","M","$","?","$","R","B",null,"M","M","?","M","?","R","?","R","T","M","?","R","$","M","R","B",null,"M","?","M","M","M","R","M","E","T","R","$","R","T","$","R","B"],"character_chosen":"THE_SILENT","items_purchased":[],"gold_per_floor":[99,99,99,99,49,49,49,49,49,49,63,63,63,63,63,162,162,182,192,142,156,156,156,156,156,180,196,196,196,196,210,210,309,309,309,309,321,337,354,354,366,395,395,395,395,395,447,447,447,447],"floor_reached":51,"campfire_rested":10,"playtime":279,"current_hp_per_floor":[70,70,63,63,63,70,70,70,70,70,70,70,70,70,70,70,70,70,70,70,70,70,70,57,75,75,75,75,75,75,75,75,75,75,75,75,75,75,72,75,75,75,75,75,75,75,75,75,75,56],"items_purged":[],"gold":447,"score":809,"play_id":"4ec6c15b-d957-482c-b870-b0e5fbb08ce9","local_time":"20180412183806","is_prod":false,"is_daily":false,"is_ascension_mode":false,"campfire_upgraded":1,"timestamp":1523572686,"path_taken":["M","$","?","?","?","R","$","R","T","?","?","$","?","?","R","BOSS","M","M","?","?","?","R","?","R","T","M","?","R","$","M","R","BOSS","M","?","M","?","M","R","?","E","T","R","$","R","?","$","R","BOSS"],"build_version":"2018-04-05v2","purchased_purges":0,"victory":true,"master_deck":["Quick Slash","Grand Finale+1","Backflip","Grand Finale","Grand Finale"],"max_hp_per_floor":[70,70,70,70,70,70,70,70,70,70,70,70,70,70,70,70,70,70,70,70,70,70,70,75,75,75,75,75,75,75,75,75,75,75,75,75,75,75,75,75,75,75,75,75,75,75,75,75,75,75],"relics":["Ring of the Snake","NeowsBlessing","Pandora\u0027s Box","Bag of Marbles","Philosopher\u0027s Stone","Bag of Preparation","Juzu Bracelet"],"card_choices":[{"not_picked":["Phantasmal Killer","Dash"],"picked":"Quick Slash","floor":1},{"not_picked":["Escape Plan","Dagger Spray"],"picked":"Backflip","floor":11},{"not_picked":["Unload","Envenom"],"picked":"Grand Finale","floor":16},{"not_picked":["Prepared","Dodge and Roll"],"picked":"Backflip","floor":19},{"not_picked":["Tools of the Trade","A Thousand Cuts"],"picked":"Grand Finale","floor":33},{"not_picked":["Sucker Punch","Terror"],"picked":"Grand Finale","floor":38}],"player_experience":340333,"potions_floor_usage":[],"damage_taken":[{"damage":0,"enemies":"2 Louse","floor":1,"turns":1},{"damage":0,"enemies":"Small Slimes","floor":11,"turns":1},{"damage":0,"enemies":"Hexaghost","floor":16,"turns":1},{"damage":0,"enemies":"3 Byrds","floor":18,"turns":1},{"damage":0,"enemies":"Spheric Guardian","floor":19,"turns":1},{"damage":0,"enemies":"Chosen and Byrds","floor":21,"turns":1},{"damage":0,"enemies":"3 Cultists","floor":27,"turns":1},{"damage":0,"enemies":"Centurion and Healer","floor":31,"turns":1},{"damage":0,"enemies":"Collector","floor":33,"turns":2},{"damage":0,"enemies":"3 Shapes","floor":35,"turns":1},{"damage":0,"enemies":"Orb Walker","floor":37,"turns":1},{"damage":0,"enemies":"3 Darklings","floor":38,"turns":1},{"damage":3,"enemies":"Sphere and 2 Shapes","floor":39,"turns":1},{"damage":0,"enemies":"Maw","floor":41,"turns":1},{"damage":0,"enemies":"Nemesis","floor":42,"turns":1},{"damage":19,"enemies":"Donu and Deca","floor":50,"turns":2}],"event_choices":[{"event_name":"Golden Wing","player_choice":"Card Removal","floor":3,"damage_taken":0},{"event_name":"Transmorgrifier","player_choice":"Skipped","floor":4,"damage_taken":0},{"event_name":"The Cleric","player_choice":"Card Removal","floor":5,"damage_taken":0},{"event_name":"Accursed Blacksmith","player_choice":"Ignore","floor":10,"damage_taken":0},{"event_name":"Golden Idol","player_choice":"Ignored","floor":13,"damage_taken":0},{"event_name":"The Joust","player_choice":"Bet on Murderer","floor":20,"damage_taken":0},{"event_name":"Vampires","player_choice":"Ignored","floor":22,"damage_taken":0},{"event_name":"Forgotten Altar","player_choice":"Shed Blood","floor":24,"damage_taken":0},{"event_name":"Drug Dealer","player_choice":"Ignored","floor":28,"damage_taken":0}],"boss_relics":[{"not_picked":["Cursed Key","Orrery"],"picked":"Pandora\u0027s Box"},{"not_picked":["Eternal Feather","Velvet Choker"],"picked":"Philosopher\u0027s Stone"}],"potions_floor_spawned":[1,11,18,31,35,42],"seed_played":"-19327902","ascension_level":0,"is_trial":false}