{"path_per_floor":["M","M","M","?","?","R","M","E","T","M","M","M","$","?","R","B",null,"M","?","$","M","M","R","M","M","T","R","M","M","M","$","R","B",null,"M","M","$","?","M","?","R","?","T","?","M","R","M","M","R"],"character_chosen":"THE_SILENT","items_purchased":["Footwork","Poisoned Stab","Prepared","Footwork","Block Potion","Energy Potion","Bane","Flying Knee"],"gold_per_floor":[109,128,146,146,146,146,165,191,191,210,222,235,165,121,121,219,219,232,232,128,141,151,151,161,180,180,180,193,206,218,3,3,108,108,127,142,44,98,110,110,110,0,0,0,18,18,35,46,46],"floor_reached":50,"campfire_rested":4,"playtime":15805,"current_hp_per_floor":[70,70,68,61,61,61,56,18,18,8,8,7,7,7,28,33,70,50,49,49,37,34,34,20,13,19,35,12,13,16,16,32,1,83,77,60,60,41,31,57,57,57,63,63,60,60,61,46,74],"items_purged":["Pain"],"gold":46,"play_id":"1a27d0a3-cc4b-4232-9669-7acc7cefd376","is_prod":false,"is_daily":false,"campfire_rituals":0,"campfire_upgraded":4,"is_hardmode":false,"path_taken":["M","M","M","?","?","R","M","E","T","M","M","M","?","?","R","BOSS","M","?","$","M","M","R","M","M","T","R","M","?","M","$","R","BOSS","M","M","$","?","M","?","R","?","T","?","M","R","M","M","R","BOSS"],"build_version":"2018-01-18-PROD4","purchased_purges":1,"victory":false,"master_deck":["Defend_G","Defend_G","Defend_G","Defend_G","Defend_G","Survivor","Neutralize","Dodge and Roll","Adrenaline","Outmaneuver","Predator","Deep Breath","PiercingWail","Bane","Prepared","Bane","Blur","Footwork","Envenom","Well Laid Plans","Bite_G","Bite_G","Bite_G","Bite_G","Bite_G","Prepared","Acrobatics","Backstab","Noxious Fumes","Flying Knee","Parasite","Backflip","Reflex","Sucker Punch","Footwork","Bane","Die Die Die","Writhe","Parasite","Footwork","Terror","Flying Knee","Infinite Blades","Bouncing Flask","Writhe","Injury","Prepared","Bane","Noxious Fumes"],"max_hp_per_floor":[70,70,70,70,70,70,70,70,70,70,70,70,70,70,70,70,70,70,49,49,49,49,49,49,49,55,55,55,55,55,55,55,55,83,83,83,83,83,83,89,89,89,95,95,95,95,95,95,95],"relics":["Ring of the Snake","Darkstone Periapt","Pantograph","Cursed Key","Ornamental Fan","Calling Bell","Pear","Lantern","Bag of Marbles","Torii","Red Mask","Tough Bandages"],"campfire_meditates":0,"card_choices":[{"not_picked":["Deflect","Flying Knee"],"picked":"Dodge and Roll"},{"not_picked":["Masterful Stab","Deadly Poison"],"picked":"Adrenaline"},{"not_picked":["Catalyst","Bane"],"picked":"Outmaneuver"},{"not_picked":["Deflect","Infinite Blades"],"picked":"PiercingWail"},{"not_picked":["Riddle With Holes","Blade Dance"],"picked":"Bane"},{"not_picked":["Underhanded Strike","Outmaneuver"],"picked":"Prepared"},{"not_picked":["Bouncing Flask","Blade Dance"],"picked":"Bane"},{"not_picked":["After Image","Malaise"],"picked":"Blur"},{"not_picked":["After Image","Phantasmal Killer"],"picked":"Envenom"},{"not_picked":["Outmaneuver","Prepared"],"picked":"Well Laid Plans"},{"not_picked":["Quick Slash","Deadly Poison"],"picked":"Acrobatics"},{"not_picked":["Acrobatics","Catalyst"],"picked":"Backstab"},{"not_picked":["Riddle With Holes","Outmaneuver"],"picked":"Noxious Fumes"},{"not_picked":["Doppelganger","Deflect"],"picked":"Flying Knee"},{"not_picked":["Dodge and Roll","PiercingWail"],"picked":"Backflip"},{"not_picked":["All Out Attack","PiercingWail"],"picked":"Reflex"},{"not_picked":["Dagger Spray","Finisher"],"picked":"Sucker Punch"},{"not_picked":["Doppelganger","A Thousand Cuts"],"picked":"Die Die Die"},{"not_picked":["Leg Sweep","Terror"],"picked":"Footwork"},{"not_picked":["Slice","Flying Knee"],"picked":"Terror"},{"not_picked":["Reflex","Terror"],"picked":"Infinite Blades"},{"not_picked":["Skewer","Masterful Stab"],"picked":"Bouncing Flask"},{"not_picked":["Deadly Poison","PiercingWail"],"picked":"Prepared"},{"not_picked":["Skewer","All Out Attack"],"picked":"Bane"},{"not_picked":["Flying Knee","Dagger Spray"],"picked":"Noxious Fumes"}],"player_experience":38313,"potions_floor_usage":[45,50],"damage_taken":[{"damage":0.0,"enemies":"2 Louse","floor":1.0,"turns":4.0},{"damage":0.0,"enemies":"Cultist","floor":2.0,"turns":5.0},{"damage":2.0,"enemies":"Small Slimes","floor":3.0,"turns":6.0},{"damage":5.0,"enemies":"2 Fungi Beasts","floor":7.0,"turns":5.0},{"damage":38.0,"enemies":"3 Sentries","floor":8.0,"turns":14.0},{"damage":10.0,"enemies":"Exordium Thugs","floor":10.0,"turns":6.0},{"damage":0.0,"enemies":"3 Louse","floor":11.0,"turns":5.0},{"damage":1.0,"enemies":"Exordium Wildlife","floor":12.0,"turns":5.0},{"damage":20.0,"enemies":"The Guardian","floor":16.0,"turns":22.0},{"damage":20.0,"enemies":"Shell Parasite","floor":18.0,"turns":6.0},{"damage":20.0,"enemies":"Spheric Guardian","floor":21.0,"turns":6.0},{"damage":15.0,"enemies":"Snake Plant","floor":22.0,"turns":7.0},{"damage":26.0,"enemies":"3 Cultists","floor":24.0,"turns":7.0},{"damage":19.0,"enemies":"Snecko","floor":25.0,"turns":6.0},{"damage":35.0,"enemies":"Slaver and Parasite","floor":28.0,"turns":8.0},{"damage":17.0,"enemies":"Sentry and Sphere","floor":29.0,"turns":7.0},{"damage":5.0,"enemies":"Chosen and Byrds","floor":30.0,"turns":5.0},{"damage":59.0,"enemies":"Champ","floor":33.0,"turns":16.0},{"damage":6.0,"enemies":"Orb Walker","floor":35.0,"turns":5.0},{"damage":29.0,"enemies":"3 Shapes","floor":36.0,"turns":12.0},{"damage":27.0,"enemies":"Mysterious Sphere","floor":38.0,"turns":6.0},{"damage":18.0,"enemies":"3 Darklings","floor":39.0,"turns":8.0},{"damage":9,"enemies":"Sphere and 2 Shapes","floor":45,"turns":6},{"damage":9,"enemies":"4 Shapes","floor":47,"turns":8},{"damage":25,"enemies":"3 Darklings","floor":48,"turns":7},{"damage":112,"enemies":"Time Eater","floor":50,"turns":15}],"event_choices":[{"event_name":"Golden Wing","player_choice":"Card Removal","floor":4.0,"damage_taken":0.0},{"event_name":"Match and Keep!","player_choice":"2 cards matched","floor":5.0,"damage_taken":0.0},{"event_name":"World of Goop","player_choice":"Left","floor":14.0,"damage_taken":0.0},{"event_name":"Vampires","player_choice":"Became a vampire","floor":19.0,"damage_taken":0.0},{"event_name":"Mysterious Sphere","player_choice":"Fight","floor":38.0,"damage_taken":0.0},{"event_name":"Winding Halls","player_choice":"Writhe","floor":40.0,"damage_taken":0.0},{"event_name":"Tomb of Lord Red Mask","player_choice":"Paid","floor":42.0,"damage_taken":0.0}],"boss_relics":[],"potions_floor_spawned":[7,8,10,11,12,16,24,28,29,38,39,48],"seed_played":"-7892549313413798329","killed_by":"Time Eater","is_trial":false}