{"path_per_floor":["M","?","$","M","?","R","?","M","T","E","M","M","M","?","R","B",null,"M","$","$","M","?","R"],"character_chosen":"THE_SILENT","items_purchased":["Footwork","Noxious Fumes","Poisoned Stab","Bouncing Flask","Prepared","War Paint"],"gold_per_floor":[110,110,28,41,41,41,41,54,109,139,156,168,181,256,256,360,360,373,1,1,21,21,21],"floor_reached":24,"campfire_rested":2,"playtime":1656,"current_hp_per_floor":[65,65,65,63,51,51,51,51,51,27,20,20,13,2,23,3,70,41,41,41,35,19,40],"items_purged":[],"gold":21,"play_id":"45f012cf-82bb-419d-b3a7-5e4aa206b622","is_prod":false,"is_daily":false,"campfire_rituals":0,"campfire_upgraded":1,"is_hardmode":false,"path_taken":["M","?","$","M","?","R","?","?","T","E","M","M","M","?","R","BOSS","M","?","$","M","?","R","M"],"build_version":"2018-01-18-PROD4","purchased_purges":0,"victory":false,"master_deck":["Defend_G","Defend_G","Defend_G","Defend_G","Defend_G","Strike_G","Strike_G","Strike_G","Strike_G","Strike_G","Survivor","Neutralize","Deadly Poison","Poisoned Stab","Footwork","Dagger Throw","Neutralize","Riddle With Holes","Poisoned Stab","Acrobatics","Backflip","Flying Knee","Catalyst","Wraith Form","Outmaneuver","Noxious Fumes","Poisoned Stab","Bouncing Flask","Prepared","Well Laid Plans","Necronomicurse"],"max_hp_per_floor":[70,70,70,70,70,70,70,70,70,70,70,70,70,70,70,70,70,70,70,70,70,70,70],"relics":["Ring of the Snake","Frozen Eye","Pen Nib","Happy Flower","Black Star","War Paint","Necronomicon"],"campfire_meditates":0,"card_choices":[{"not_picked":["Leg Sweep","Acrobatics"],"picked":"Deadly Poison"},{"not_picked":["Backflip","Flying Knee"],"picked":"Poisoned Stab"},{"not_picked":["Deadly Poison","Predator"],"picked":"Dagger Throw"},{"not_picked":["Skewer","Malaise"],"picked":"Poisoned Stab"},{"not_picked":["Wraith Form","Dagger Spray"],"picked":"Acrobatics"},{"not_picked":["Dagger Throw","Footwork"],"picked":"Backflip"},{"not_picked":["Quick Slash","Dagger Spray"],"picked":"Flying Knee"},{"not_picked":["Leg Sweep","Poisoned Stab"],"picked":"Catalyst"},{"not_picked":["Unload","Die Die Die"],"picked":"Wraith Form"},{"not_picked":["All Out Attack","Deflect"],"picked":"Outmaneuver"},{"not_picked":["Distraction","Flying Knee"],"picked":"Well Laid Plans"}],"player_experience":15991,"potions_floor_usage":[10,11,16,18,18,24],"damage_taken":[{"damage":5,"enemies":"Cultist","floor":1,"turns":4},{"damage":2,"enemies":"Blue Slaver","floor":4,"turns":5},{"damage":0,"enemies":"Small Slimes","floor":8,"turns":3},{"damage":24,"enemies":"Gremlin Nob","floor":10,"turns":4},{"damage":7,"enemies":"Exordium Wildlife","floor":11,"turns":5},{"damage":0,"enemies":"2 Fungi Beasts","floor":12,"turns":4},{"damage":7,"enemies":"Large Slime","floor":13,"turns":6},{"damage":20,"enemies":"Hexaghost","floor":16,"turns":9},{"damage":29,"enemies":"2 Thieves","floor":18,"turns":5},{"damage":6,"enemies":"Chosen","floor":21,"turns":4},{"damage":44,"enemies":"3 Cultists","floor":24,"turns":5}],"event_choices":[{"event_name":"The Lab","player_choice":"Got Potions","floor":2,"damage_taken":0},{"event_name":"Scrap Ooze","player_choice":"success","floor":5,"damage_taken":12},{"event_name":"Match and Keep!","player_choice":"2 cards matched","floor":7,"damage_taken":0},{"event_name":"World of Goop","player_choice":"Gather Gold","floor":14,"damage_taken":0},{"event_name":"Cursed Tome","player_choice":"Obtained Book","floor":22,"damage_taken":0}],"boss_relics":[{"not_picked":["Runic Dome","Ectoplasm"],"picked":"Black Star"}],"potions_floor_spawned":[8,10,12,13,21],"seed_played":"-2401095782090718202","killed_by":"3 Cultists","is_trial":false}