{"path_per_floor":["M","M","?","M","?","R","E","R","T","R","$","M","R","$","R","B",null,"M","$","?","$","?","R","E","$","T"],"character_chosen":"THE_SILENT","items_purchased":["Footwork","Matryoshka","Caltrops","Noxious Fumes","Bouncing Flask","Deadly Poison"],"gold_per_floor":[118,137,137,147,322,322,351,351,351,351,27,43,43,4,4,102,102,120,48,48,8,8,8,40,13,39],"floor_reached":27,"campfire_rested":2,"playtime":2178,"current_hp_per_floor":[70,70,70,70,70,70,26,26,26,47,47,36,57,57,57,36,70,66,66,49,49,49,49,27,27,27],"items_purged":[],"gold":0,"play_id":"606f6cea-3f67-4098-92c5-f9601f88ed51","is_prod":false,"is_daily":false,"campfire_rituals":0,"campfire_upgraded":4,"is_hardmode":false,"path_taken":["M","M","?","M","?","R","E","R","T","R","$","M","R","$","R","BOSS","M","$","?","$","?","R","E","?","T","M"],"build_version":"2018-01-18-PROD4","purchased_purges":0,"victory":false,"master_deck":["Defend_G","Defend_G","Defend_G","Defend_G","Defend_G","Survivor","Neutralize","Bane","Heel Hook","Neutralize","Poisoned Stab","Doubt","Noxious Fumes","Footwork","Dodge and Roll","Caltrops","Corpse Explosion","Distraction","Noxious Fumes","Bite_G","Bite_G","Bite_G","Bite_G","Bite_G","Bouncing Flask","Prepared","Deadly Poison"],"max_hp_per_floor":[70,70,70,70,70,70,70,70,70,70,70,70,70,70,70,70,70,70,70,49,49,49,49,49,49,49],"relics":["Ring of the Snake","NeowsBlessing","Gambling Chip","Frozen Eye","Matryoshka","Cursed Key","Omamori","Dream Catcher","War Paint"],"campfire_meditates":0,"card_choices":[{"not_picked":["Distraction","Deflect"],"picked":"Bane"},{"not_picked":["Acrobatics","Eviscerate"],"picked":"Heel Hook"},{"not_picked":["Outmaneuver","Doppelganger"],"picked":"Poisoned Stab"},{"not_picked":["Footwork","Crippling Poison"],"picked":"Noxious Fumes"},{"not_picked":["Deflect","Flying Knee"],"picked":"Dodge and Roll"},{"not_picked":["After Image","Unload"],"picked":"Corpse Explosion"},{"not_picked":["PiercingWail","Flechettes"],"picked":"Distraction"},{"not_picked":["Flying Knee","Bullet Time"],"picked":"Prepared"}],"player_experience":54118,"potions_floor_usage":[24,27],"damage_taken":[{"damage":0,"enemies":"Jaw Worm","floor":1,"turns":1},{"damage":0,"enemies":"Blue Slaver","floor":2,"turns":1},{"damage":0,"enemies":"Small Slimes","floor":4,"turns":1},{"damage":44,"enemies":"3 Sentries","floor":7,"turns":12},{"damage":11,"enemies":"Exordium Wildlife","floor":12,"turns":5},{"damage":21,"enemies":"Hexaghost","floor":16,"turns":9},{"damage":4,"enemies":"Spheric Guardian","floor":18,"turns":6},{"damage":26,"enemies":"Book of Stabbing","floor":24,"turns":5},{"damage":31,"enemies":"2 Thieves","floor":27,"turns":3}],"event_choices":[{"event_name":"Match and Keep!","player_choice":"1 cards matched","floor":3,"damage_taken":0},{"event_name":"Liars Game","player_choice":"agreed","floor":5,"damage_taken":0},{"event_name":"Vampires","player_choice":"Became a vampire","floor":20,"damage_taken":0},{"event_name":"Upgrade Shrine","player_choice":"Upgraded","floor":22,"damage_taken":0}],"boss_relics":[{"not_picked":["Runic Pyramid","Philosopher\u0027s Stone"],"picked":"Cursed Key"}],"potions_floor_spawned":[4,12,16],"seed_played":"-3823733246997840139","killed_by":"2 Thieves","is_trial":false}