{"path_per_floor":["M","$","M","$","?","E","?","E","T","R","M","M","R","M","R","B",null,"M","?","?","$","?","R","M","M","T","M","?","?","?","M","R"],"character_chosen":"THE_SILENT","items_purchased":["Bottled Tornado","Bane"],"gold_per_floor":[115,115,125,125,300,330,330,363,363,363,382,401,401,417,417,522,552,568,568,568,301,201,201,190,208,208,219,219,219,144,160,160],"floor_reached":33,"campfire_rested":1,"playtime":10331,"current_hp_per_floor":[67,67,67,67,67,39,39,19,19,40,40,36,36,38,38,38,75,61,61,45,45,45,45,27,34,34,19,10,10,10,32,32],"items_purged":[],"gold":160,"play_id":"646e7898-440a-4098-bf1f-e6e1dc2668ec","is_prod":false,"is_daily":false,"is_ascension_mode":false,"campfire_upgraded":4,"path_taken":["M","$","M","$","?","E","?","E","T","R","M","M","R","M","R","BOSS","M","?","?","$","?","R","M","M","T","M","?","?","?","M","R","BOSS"],"build_version":"2018-01-25-PROD3","purchased_purges":0,"victory":false,"master_deck":["Defend_G","Defend_G","Defend_G","Defend_G","Defend_G","Survivor","Neutralize","Quick Slash+1","Poisoned Stab","Poisoned Stab","Outmaneuver","Footwork+1","Blur","Crippling Poison+1","A Thousand Cuts","Footwork+1","Deadly Poison+1","Noxious Fumes+1","Bane","Poisoned Stab","Malaise","PiercingWail","Bite_G","Bite_G","Bite_G","Bite_G","Bite_G","Terror"],"max_hp_per_floor":[70,70,70,70,70,70,70,70,70,70,70,70,70,70,70,70,75,75,75,75,75,75,75,75,75,75,75,80,56,56,56,56],"relics":["Ring of the Snake","Juzu Bracelet","Happy Flower","Meat on the Bone","Whetstone","Tiny House","Enchiridion","Bottled Tornado","Tough Bandages"],"card_choices":[{"not_picked":["Catalyst","Cloak And Dagger"],"picked":"Quick Slash"},{"not_picked":["Calculated Gamble","Dagger Spray"],"picked":"Poisoned Stab"},{"not_picked":["Reflex","Quick Slash"],"picked":"Poisoned Stab"},{"not_picked":["Tactician","Dagger Throw"],"picked":"Outmaneuver"},{"not_picked":["Skewer","Deflect"],"picked":"Footwork"},{"not_picked":["Slice","Finisher"],"picked":"Blur"},{"not_picked":["Corpse Explosion","Flying Knee"],"picked":"Crippling Poison"},{"not_picked":["Doppelganger","Die Die Die"],"picked":"A Thousand Cuts"},{"not_picked":["Dodge and Roll","Calculated Gamble"],"picked":"Footwork"},{"not_picked":["Sucker Punch","Flechettes"],"picked":"Deadly Poison"},{"not_picked":["Dodge and Roll","Finisher"],"picked":"Poisoned Stab"},{"not_picked":["Finisher","Acrobatics"],"picked":"Malaise"},{"not_picked":["Riddle With Holes","Eviscerate"],"picked":"PiercingWail"},{"not_picked":["Slice","Dagger Throw"],"picked":"Terror"}],"player_experience":64177,"potions_floor_usage":[6,6,16,24,25,33],"damage_taken":[{"damage":3,"enemies":"Cultist","floor":1,"turns":5},{"damage":0,"enemies":"2 Louse","floor":3,"turns":4},{"damage":28,"enemies":"Gremlin Nob","floor":6,"turns":5},{"damage":20,"enemies":"Lagavulin","floor":8,"turns":7},{"damage":0,"enemies":"Small Slimes","floor":11,"turns":3},{"damage":4,"enemies":"Red Slaver","floor":12,"turns":3},{"damage":10,"enemies":"Gremlin Gang","floor":14,"turns":7},{"damage":0,"enemies":"Hexaghost","floor":16,"turns":12},{"damage":14,"enemies":"Chosen","floor":18,"turns":7},{"damage":30,"enemies":"2 Thieves","floor":24,"turns":4},{"damage":5,"enemies":"Snake Plant","floor":25,"turns":4},{"damage":27,"enemies":"Sentry and Sphere","floor":27,"turns":6},{"damage":0,"enemies":"Snecko","floor":31,"turns":5},{"damage":47,"enemies":"Champ","floor":33,"turns":12}],"event_choices":[{"event_name":"Liars Game","player_choice":"agreed","floor":5,"damage_taken":0},{"event_name":"Fountain of Cleansing","player_choice":"Removed Curse","floor":7,"damage_taken":0},{"event_name":"The Library","player_choice":"Read","floor":19,"damage_taken":0},{"event_name":"Cursed Tome","player_choice":"Obtained Book","floor":20,"damage_taken":0},{"event_name":"Drug Dealer","player_choice":"Got JAXXED","floor":22,"damage_taken":0},{"event_name":"Forgotten Altar","player_choice":"Shed Blood","floor":28,"damage_taken":0},{"event_name":"Vampires","player_choice":"Became a vampire","floor":29,"damage_taken":0},{"event_name":"Beggar","player_choice":"Gave Gold","floor":30,"damage_taken":0}],"boss_relics":[{"not_picked":["Snecko Eye","Philosopher\u0027s Stone"],"picked":"Tiny House"}],"potions_floor_spawned":[1,3,8,11,27],"seed_played":"-1626470923483641585","killed_by":"Champ","ascension_level":0,"is_trial":false}