{"path_per_floor":["M","?","M","$","?","R","M","$","T","M","R","$","M","M","R","B",null,"M","M","?","M","M","E","R","M","T","M","M","$","M","E","R"],"character_chosen":"THE_SILENT","items_purchased":["Footwork","Acrobatics","Snake Skull","Footwork"],"gold_per_floor":[118,118,132,21,196,196,216,192,192,202,202,11,21,36,36,36,36,49,0,0,17,36,61,61,74,74,90,109,9,26,55,55],"floor_reached":33,"campfire_rested":0,"playtime":3200,"current_hp_per_floor":[70,70,60,60,60,60,60,60,60,53,53,53,47,44,44,44,70,55,44,44,41,41,41,41,49,49,42,39,39,3,2,2],"items_purged":["Strike_G","Injury"],"gold":55,"play_id":"de724234-a8ad-46d6-aa54-7ab096e0afa7","is_prod":false,"is_daily":false,"is_ascension_mode":false,"campfire_upgraded":5,"path_taken":["M","?","?","$","?","R","M","?","T","M","R","$","M","?","R","BOSS","M","M","?","M","?","E","R","M","T","M","M","$","M","E","R","BOSS"],"build_version":"2018-01-25-PROD3","purchased_purges":3,"victory":false,"master_deck":["Defend_G","Defend_G","Defend_G","Defend_G","Defend_G","Strike_G","Strike_G","Strike_G","Survivor","Neutralize","Dodge and Roll","Noxious Fumes+1","Footwork+1","Doubt","Acrobatics","Acrobatics","Caltrops+1","Footwork+1","Acrobatics","Leg Sweep+1","Bane+1","Poisoned Stab","Bouncing Flask","Well Laid Plans","Bouncing Flask+1"],"max_hp_per_floor":[70,70,70,70,70,70,70,70,70,70,70,70,70,70,70,70,70,70,70,70,70,70,70,70,70,70,70,70,70,70,70,70],"relics":["Ring of the Snake","Ginger","Snake Skull","Cursed Key","Bird Faced Urn","Bottled Lightning","Tingsha"],"card_choices":[{"not_picked":["Cloak And Dagger","Slice"],"picked":"Dodge and Roll"},{"not_picked":["After Image","Sucker Punch"],"picked":"Noxious Fumes"},{"not_picked":["Deadly Poison","Quick Slash"],"picked":"Acrobatics"},{"not_picked":["Cloak And Dagger","Skewer"],"picked":"Caltrops"},{"not_picked":["Infinite Blades","Crippling Poison"],"picked":"Acrobatics"},{"not_picked":["Deadly Poison","All Out Attack"],"picked":"Leg Sweep"},{"not_picked":["Riddle With Holes","Slice"],"picked":"Bane"},{"not_picked":["Flying Knee","Slice"],"picked":"Poisoned Stab"},{"not_picked":["Outmaneuver","Prepared"],"picked":"Bouncing Flask"},{"not_picked":["Cloak And Dagger","Infinite Blades"],"picked":"Well Laid Plans"},{"not_picked":["Catalyst","Quick Slash"],"picked":"Bouncing Flask"}],"player_experience":94109,"potions_floor_usage":[16,16,16,30,33,33],"damage_taken":[{"damage":0,"enemies":"Small Slimes","floor":1,"turns":4},{"damage":10,"enemies":"Blue Slaver","floor":3,"turns":6},{"damage":0,"enemies":"2 Louse","floor":7,"turns":4},{"damage":7,"enemies":"Lots of Slimes","floor":10,"turns":4},{"damage":6,"enemies":"Exordium Wildlife","floor":13,"turns":5},{"damage":3,"enemies":"Red Slaver","floor":14,"turns":7},{"damage":15,"enemies":"The Guardian","floor":16,"turns":9},{"damage":15,"enemies":"3 Byrds","floor":18,"turns":2},{"damage":11,"enemies":"2 Thieves","floor":19,"turns":4},{"damage":3,"enemies":"Centurion and Healer","floor":21,"turns":10},{"damage":0,"enemies":"Slaver and Parasite","floor":22,"turns":7},{"damage":0,"enemies":"Book of Stabbing","floor":23,"turns":6},{"damage":0,"enemies":"Chosen and Byrds","floor":25,"turns":6},{"damage":15,"enemies":"Snake Plant","floor":27,"turns":5},{"damage":11,"enemies":"Slaver and Parasite","floor":28,"turns":8},{"damage":44,"enemies":"Chosen and Byrds","floor":30,"turns":10},{"damage":11,"enemies":"Gremlin Leader","floor":31,"turns":7},{"damage":19,"enemies":"Collector","floor":33,"turns":3}],"event_choices":[{"event_name":"Purifier","player_choice":"One Purge","floor":2,"damage_taken":0},{"event_name":"Liars Game","player_choice":"agreed","floor":5,"damage_taken":0},{"event_name":"Addict","player_choice":"Ignored","floor":20,"damage_taken":0}],"boss_relics":[{"not_picked":["Calling Bell","Black Star"],"picked":"Cursed Key"}],"potions_floor_spawned":[10,13,14,16,18,22,31],"seed_played":"1592387973042892375","killed_by":"Collector","ascension_level":0,"is_trial":false}