{"path_per_floor":["M","$","T","M","M","R","$","M","T","M","?","R","E","M","R","B",null,"M","?","?","?","?","E","M","R","T","M","R","$"],"character_chosen":"THE_SILENT","items_purchased":["Dodge and Roll","Poisoned Stab"],"gold_per_floor":[113,15,15,26,44,44,44,61,61,73,73,73,104,120,120,215,215,215,215,215,215,215,215,215,215,215,215,215,190],"floor_reached":30,"campfire_rested":1,"playtime":3144,"current_hp_per_floor":[70,70,70,70,70,70,70,69,69,67,60,60,35,35,35,4,70,64,49,49,49,33,20,34,34,34,8,22,22],"items_purged":["Strike_G"],"gold":190,"play_id":"760d8a3e-3185-4003-8097-306b111a6a94","is_prod":false,"is_daily":false,"is_ascension_mode":true,"campfire_upgraded":2,"path_taken":["M","$","?","?","M","R","?","?","T","M","?","R","E","M","R","BOSS","M","?","?","?","?","E","M","R","T","M","R","$","M"],"build_version":"2018-01-25-PROD3","purchased_purges":1,"victory":false,"master_deck":["Defend_G","Defend_G","Defend_G","Survivor","Neutralize+1","Backflip","Dodge and Roll","Quick Slash","Acrobatics+1","Bane","Storm of Steel+1","Heel Hook","Backflip","Bite_G","Bite_G+1","Bite_G","Bite_G+1","Bite_G","Infinite Blades","Eviscerate+1","Well Laid Plans","Bouncing Flask","Poisoned Stab"],"max_hp_per_floor":[70,70,70,70,70,70,70,70,70,70,70,70,70,70,70,70,70,70,49,49,49,49,49,49,49,49,49,49,49],"relics":["Ring of the Snake","NeowsBlessing","Peace Pipe","Du-Vu Doll","Letter Opener","Ectoplasm","Nilry\u0027s Codex","Whetstone","Sundial"],"card_choices":[{"not_picked":["Prepared","Cloak And Dagger"],"picked":"Backflip"},{"not_picked":["Blade Dance","Endless Agony"],"picked":"Quick Slash"},{"not_picked":["Terror","Prepared"],"picked":"Acrobatics"},{"not_picked":["Acrobatics","Dodge and Roll"],"picked":"Bane"},{"not_picked":["Malaise","Slice"],"picked":"Storm of Steel"},{"not_picked":["Choke","Deadly Poison"],"picked":"Heel Hook"},{"not_picked":["Dagger Throw","Underhanded Strike"],"picked":"Backflip"},{"not_picked":["Outmaneuver","Deflect"],"picked":"Eviscerate"},{"not_picked":["Slice","Flechettes"],"picked":"Well Laid Plans"},{"not_picked":["PiercingWail","Acrobatics"],"picked":"Bouncing Flask"}],"player_experience":178029,"potions_floor_usage":[],"damage_taken":[{"damage":0.0,"enemies":"Blue Slaver","floor":1.0,"turns":1.0},{"damage":0.0,"enemies":"2 Louse","floor":4.0,"turns":2.0},{"damage":0.0,"enemies":"Jaw Worm","floor":5.0,"turns":1.0},{"damage":1.0,"enemies":"2 Fungi Beasts","floor":8.0,"turns":6.0},{"damage":2.0,"enemies":"3 Louse","floor":10.0,"turns":5.0},{"damage":25.0,"enemies":"3 Sentries","floor":13.0,"turns":9.0},{"damage":0.0,"enemies":"Looter","floor":14.0,"turns":4.0},{"damage":31.0,"enemies":"The Guardian","floor":16.0,"turns":17.0},{"damage":6.0,"enemies":"Chosen","floor":18.0,"turns":6.0},{"damage":35.0,"enemies":"Gremlin Leader","floor":23.0,"turns":11.0},{"damage":6.0,"enemies":"3 Byrds","floor":24.0,"turns":6.0},{"damage":41.0,"enemies":"Snake Plant","floor":27.0,"turns":6.0},{"damage":30,"enemies":"Slaver and Parasite","floor":30,"turns":2}],"event_choices":[{"event_name":"Golden Wing","player_choice":"Card Removal","floor":11.0,"damage_taken":0.0},{"event_name":"Vampires","player_choice":"Became a vampire","floor":19.0,"damage_taken":0.0},{"event_name":"Upgrade Shrine","player_choice":"Upgraded","floor":20.0,"damage_taken":0.0},{"event_name":"The Library","player_choice":"Read","floor":21.0,"damage_taken":0.0},{"event_name":"Cursed Tome","player_choice":"Obtained Book","floor":22.0,"damage_taken":0.0}],"boss_relics":[],"potions_floor_spawned":[5,13,14,16,23],"seed_played":"304291911367547757","killed_by":"Slaver and Parasite","ascension_level":2,"is_trial":false}