{"path_per_floor":["M","M","M","M","?","R","?","R","T","$","?","R","E","T","R","B",null,"M","$","?","?","?"],"character_chosen":"THE_SILENT","items_purchased":["Acrobatics","Omamori","Accuracy","Infinite Blades"],"gold_per_floor":[110,128,141,155,330,330,330,330,330,53,75,75,102,125,125,220,220,238,69,69,69,69],"floor_reached":23,"campfire_rested":2,"playtime":1078,"current_hp_per_floor":[70,63,58,33,33,54,54,54,68,68,44,44,32,32,57,23,84,76,76,76,76,60],"items_purged":["Doubt","Strike_G"],"gold":69,"score":213,"play_id":"f7d9e83b-45b7-457d-b7fe-723984b1918f","local_time":"20180318223519","is_prod":false,"is_daily":false,"is_ascension_mode":true,"campfire_upgraded":2,"timestamp":1521401719,"path_taken":["M","M","M","M","?","R","?","R","T","$","?","R","E","?","R","BOSS","M","$","?","?","?","E"],"build_version":"2018-03-15v3","purchased_purges":2,"victory":false,"master_deck":["Defend_G","Defend_G","Defend_G","Defend_G","Defend_G","Strike_G","Strike_G","Strike_G","Survivor","Neutralize+1","Footwork+1","Backflip","Infinite Blades","Backflip","Tactician","Acrobatics","Envenom","Leg Sweep","Bane","Accuracy","Infinite Blades","Escape Plan"],"max_hp_per_floor":[70,70,70,70,70,70,70,70,84,84,84,84,84,84,84,84,84,84,84,84,84,84],"relics":["Ring of the Snake","Mango","Omamori","Odd Mushroom","The Courier","Orichalcum","Philosopher\u0027s Stone","Ancient Tea Set","Necronomicon"],"card_choices":[{"not_picked":["Dagger Spray","Deflect"],"picked":"Footwork"},{"not_picked":["Well Laid Plans","PiercingWail"],"picked":"Backflip"},{"not_picked":["Cloak And Dagger","Underhanded Strike"],"picked":"Infinite Blades"},{"not_picked":["Sucker Punch","Underhanded Strike"],"picked":"Backflip"},{"not_picked":["Distraction","Backflip"],"picked":"Envenom"},{"not_picked":["Eviscerate","Bane"],"picked":"Leg Sweep"},{"not_picked":["Sucker Punch","Deadly Poison"],"picked":"Bane"}],"player_experience":348680,"potions_floor_usage":[16,23],"damage_taken":[{"damage":0,"enemies":"Cultist","floor":1,"turns":4},{"damage":7,"enemies":"Jaw Worm","floor":2,"turns":5},{"damage":5,"enemies":"Small Slimes","floor":3,"turns":4},{"damage":25,"enemies":"Gremlin Gang","floor":4,"turns":8},{"damage":24,"enemies":"The Mushroom Lair","floor":11,"turns":8},{"damage":12,"enemies":"Lagavulin","floor":13,"turns":9},{"damage":34,"enemies":"Hexaghost","floor":16,"turns":15},{"damage":8,"enemies":"Chosen","floor":18,"turns":7},{"damage":66,"enemies":"Slavers","floor":23,"turns":5}],"event_choices":[{"event_name":"Liars Game","player_choice":"agreed","floor":5,"damage_taken":0},{"event_name":"Transmorgrifier","player_choice":"Transform","floor":7,"damage_taken":0},{"event_name":"Mushrooms","player_choice":"Fought Mushrooms","floor":11,"damage_taken":0},{"event_name":"The Mausoleum","player_choice":"Yes","floor":20,"damage_taken":0},{"event_name":"The Library","player_choice":"Read","floor":21,"damage_taken":0},{"event_name":"Cursed Tome","player_choice":"Obtained Book","floor":22,"damage_taken":0}],"boss_relics":[{"not_picked":["Pandora\u0027s Box","Runic Pyramid"],"picked":"Philosopher\u0027s Stone"}],"potions_floor_spawned":[3,11],"seed_played":"4267159578291250578","killed_by":"Slavers","ascension_level":3,"is_trial":false}