{"path_per_floor":["M","M","$","?","?","R","?","R","T","E","T","R","?","M","R","B",null,"M","$","M","?","M","$","R","E","T","?","$","R","M","T","R","B",null,"M","?","$","M","?","E","R","M","T","$","?","E","M","M","R","B"],"character_chosen":"THE_SILENT","items_purchased":["Footwork","Deadly Poison","After Image","Footwork","Bouncing Flask","Block Potion","Regen Potion","Acrobatics"],"gold_per_floor":[114,128,49,49,49,49,49,49,49,83,128,128,53,71,71,145,145,161,161,133,133,153,5,5,38,119,119,52,52,62,62,62,140,140,150,150,35,47,47,80,80,98,171,27,27,61,76,94,94,94],"floor_reached":51,"campfire_rested":2,"playtime":3009,"current_hp_per_floor":[59,59,59,39,39,39,39,39,39,39,39,39,39,38,38,33,58,40,40,39,39,39,39,39,3,13,13,13,35,35,35,35,26,64,64,64,64,64,86,48,48,46,46,46,46,45,33,7,32,31],"items_purged":["Tactician"],"gold":94,"score":1290,"play_id":"4ca7a864-f6d2-4402-ada5-cdb1187c8a9e","local_time":"20180414223639","is_prod":false,"is_daily":false,"chose_seed":false,"is_ascension_mode":true,"campfire_upgraded":7,"timestamp":1523734599,"path_taken":["M","M","$","?","?","R","?","R","T","E","?","R","?","?","R","BOSS","M","$","M","?","M","$","R","E","T","?","?","R","?","?","R","BOSS","M","?","$","M","?","E","R","M","T","$","?","E","?","M","R","BOSS"],"build_version":"2018-04-12","seed_source_timestamp":262973776854315,"purchased_purges":1,"victory":true,"master_deck":["Defend_G+1","Defend_G","Defend_G+1","Defend_G+1","Defend_G","Survivor","Neutralize+1","AscendersBane","Cloak And Dagger+1","Outmaneuver","Footwork+1","Deadly Poison+1","Leg Sweep+1","Backflip","Doppelganger+1","Blade Dance+1","PiercingWail","Malaise","After Image+1","Bouncing Flask+1","Footwork+1","Skewer","Bouncing Flask","Backflip","Malaise+1","Parasite","Acrobatics+1","Blur+1","Deadly Poison+1","A Thousand Cuts"],"max_hp_per_floor":[66,66,66,66,66,66,66,66,66,66,66,66,66,66,66,66,66,66,66,66,66,66,66,66,66,76,76,76,76,76,76,76,76,76,76,76,76,76,86,86,86,86,86,86,86,86,86,86,86,86],"relics":["Ring of the Snake","NeowsBlessing","Matryoshka","War Paint","Paper Crane","Art of War","Astrolabe","Anchor","Pear","Toolbox","Pantograph","Cursed Key","Toxic Egg 2","Question Card","Bird Faced Urn"],"card_choices":[{"not_picked":["Dagger Throw","Bane"],"picked":"Cloak And Dagger","floor":1},{"not_picked":["Catalyst","Poisoned Stab"],"picked":"Outmaneuver","floor":2},{"not_picked":["Riddle With Holes","Distraction"],"picked":"Leg Sweep","floor":10},{"not_picked":["Venomology","Riddle With Holes"],"picked":"Backflip","floor":14},{"not_picked":["Venomology","Unload"],"picked":"Doppelganger","floor":16},{"not_picked":["Dodge and Roll","Outmaneuver"],"picked":"PiercingWail","floor":20},{"not_picked":["Predator","Well Laid Plans"],"picked":"Malaise","floor":22},{"not_picked":["Quick Slash","Cloak And Dagger"],"picked":"Bouncing Flask","floor":25},{"not_picked":["Dash","Concentrate"],"picked":"Skewer","floor":35},{"not_picked":["Flying Knee","Cloak And Dagger"],"picked":"Backflip","floor":38},{"not_picked":["Flying Knee","PiercingWail"],"picked":"Malaise","floor":40},{"not_picked":["Escape Plan","Caltrops","Dodge and Roll"],"picked":"Blur","floor":46},{"not_picked":["Leg Sweep","Poisoned Stab","Bouncing Flask"],"picked":"Deadly Poison","floor":47},{"not_picked":["Flying Knee","Bane","Poisoned Stab"],"picked":"A Thousand Cuts","floor":48}],"player_experience":380900,"potions_floor_usage":[25,33,40,47,47],"damage_taken":[{"damage":0,"enemies":"Small Slimes","floor":1,"turns":1},{"damage":0,"enemies":"Cultist","floor":2,"turns":1},{"damage":0,"enemies":"Gremlin Nob","floor":10,"turns":1},{"damage":1,"enemies":"2 Louse","floor":14,"turns":4},{"damage":5,"enemies":"The Guardian","floor":16,"turns":14},{"damage":18,"enemies":"Chosen","floor":18,"turns":8},{"damage":1,"enemies":"2 Thieves","floor":20,"turns":5},{"damage":0,"enemies":"Chosen and Byrds","floor":22,"turns":10},{"damage":36,"enemies":"Slavers","floor":25,"turns":15},{"damage":0,"enemies":"Snake Plant","floor":30,"turns":5},{"damage":34,"enemies":"Collector","floor":33,"turns":13},{"damage":0,"enemies":"3 Shapes","floor":35,"turns":8},{"damage":0,"enemies":"Orb Walker","floor":38,"turns":4},{"damage":38,"enemies":"2 Orb Walkers","floor":40,"turns":8},{"damage":2,"enemies":"3 Darklings","floor":42,"turns":7},{"damage":1,"enemies":"Giant Head","floor":46,"turns":11},{"damage":28,"enemies":"4 Shapes","floor":47,"turns":7},{"damage":32,"enemies":"Sphere and 2 Shapes","floor":48,"turns":7},{"damage":34,"enemies":"Time Eater","floor":50,"turns":18}],"event_choices":[{"event_name":"Shining Light","player_choice":"Entered Light","floor":4,"damage_taken":0},{"event_name":"Match and Keep!","player_choice":"1 cards matched","floor":5,"damage_taken":0},{"event_name":"Golden Wing","player_choice":"Ignored","floor":7,"damage_taken":0},{"event_name":"The Cleric","player_choice":"Card Removal","floor":13,"damage_taken":0},{"event_name":"Vampires","player_choice":"Ignored","floor":21,"damage_taken":0},{"event_name":"Beggar","player_choice":"Ignored","floor":27,"damage_taken":0},{"event_name":"Wheel of Change","player_choice":"Card Removal","floor":36,"damage_taken":0},{"event_name":"Bonfire Elementals","player_choice":"RARE","floor":39,"damage_taken":0}],"boss_relics":[{"not_picked":["Runic Pyramid","Calling Bell"],"picked":"Astrolabe"},{"not_picked":["Eternal Feather","Philosopher\u0027s Stone"],"picked":"Cursed Key"}],"potions_floor_spawned":[10,30,33,42,46],"seed_played":"-1646500653028401838","ascension_level":15,"is_trial":false}