{"path_per_floor":["M","?","$","M","M","R","$","R","T","$","T","R","?","M","R","B",null,"M","?","$","?","M"],"character_chosen":"THE_SILENT","items_purchased":["Kunai"],"gold_per_floor":[113,113,113,133,147,147,147,147,147,147,172,172,172,197,197,293,293,316,316,57,57,69,69],"floor_reached":23,"campfire_rested":0,"playtime":711,"current_hp_per_floor":[59,59,59,50,42,42,42,42,42,42,42,42,19,18,18,8,52,46,46,46,46,49,0],"items_purged":[],"gold":69,"score":310,"play_id":"e126612e-6e66-4a46-a046-49e75cc85a20","local_time":"20180409161113","is_prod":false,"is_daily":false,"is_ascension_mode":true,"campfire_upgraded":4,"timestamp":1523279473,"path_taken":["M","?","$","M","M","R","$","R","T","$","?","R","?","M","R","BOSS","M","?","$","?","M","E"],"build_version":"2018-04-05v2","purchased_purges":0,"victory":false,"master_deck":["Defend_G","Defend_G","Defend_G","Defend_G","Defend_G","Strike_G","Strike_G","Strike_G","Strike_G","Survivor","Neutralize+1","AscendersBane","Footwork+1","Concentrate","Deadly Poison+1","Poisoned Stab","Leg Sweep+1","Corpse Explosion","PiercingWail"],"max_hp_per_floor":[66,66,66,66,66,66,66,66,66,66,66,66,66,66,66,66,66,66,66,66,66,66,66],"relics":["Ring of the Snake","Calipers","Pen Nib","Bloody Idol","Philosopher\u0027s Stone","Kunai"],"card_choices":[{"not_picked":["Prepared","Flechettes"],"picked":"Footwork","floor":1.0},{"not_picked":["Flying Knee","Quick Slash"],"picked":"Deadly Poison","floor":4.0},{"not_picked":["Calculated Gamble","Prepared"],"picked":"Poisoned Stab","floor":5.0},{"not_picked":["Cloak And Dagger","Flying Knee"],"picked":"Leg Sweep","floor":14.0},{"not_picked":["Bullet Time","Grand Finale"],"picked":"Corpse Explosion","floor":16.0},{"not_picked":["Underhanded Strike","Skewer"],"picked":"PiercingWail","floor":22}],"player_experience":328229,"potions_floor_usage":[23],"damage_taken":[{"damage":0.0,"enemies":"2 Louse","floor":1.0,"turns":4.0},{"damage":9.0,"enemies":"Cultist","floor":4.0,"turns":6.0},{"damage":8.0,"enemies":"Small Slimes","floor":5.0,"turns":5.0},{"damage":1.0,"enemies":"Looter","floor":14.0,"turns":4.0},{"damage":22.0,"enemies":"Hexaghost","floor":16.0,"turns":12.0},{"damage":6.0,"enemies":"Shell Parasite","floor":18.0,"turns":7.0},{"damage":2,"enemies":"Chosen","floor":22,"turns":6},{"damage":57,"enemies":"Slavers","floor":23,"turns":3}],"event_choices":[{"event_name":"Transmorgrifier","player_choice":"Transform","floor":2.0,"damage_taken":0.0},{"event_name":"Golden Idol","player_choice":"Take Damage","floor":13.0,"damage_taken":0.0},{"event_name":"Forgotten Altar","player_choice":"Gave Idol","floor":19.0,"damage_taken":0.0},{"event_name":"Beggar","player_choice":"Ignored","floor":21,"damage_taken":0}],"boss_relics":[],"potions_floor_spawned":[4,18,22],"seed_played":"5005219078037882253","killed_by":"Slavers","ascension_level":15,"is_trial":false}