{"path_per_floor":["M","M","?","?","M","R","?","R","T","M","R","M","M","?","R","B",null,"M","?","$","?","?","R","E","R","T","?","M","?","$","$","R"],"character_chosen":"IRONCLAD","items_purchased":["Lee\u0027s Waffle","Medical Kit","Toy Ornithopter","Dramatic Entrance","Finesse"],"gold_per_floor":[110,125,125,125,142,142,217,517,543,558,558,575,594,594,594,689,689,708,708,14,14,14,14,40,40,94,94,110,110,6,6,6],"floor_reached":33,"campfire_rested":1,"playtime":1479,"current_hp_per_floor":[80,79,79,72,70,70,59,59,59,65,65,57,55,75,75,33,80,72,72,84,84,84,84,48,84,84,84,84,69,69,69,79],"items_purged":[],"gold":6,"play_id":"4239a92f-6b95-45de-8361-8d3ff49b5e7a","is_prod":false,"is_daily":false,"is_ascension_mode":false,"campfire_upgraded":0,"path_taken":["M","M","?","?","?","R","?","R","T","M","R","M","M","?","R","BOSS","M","?","$","?","?","R","E","R","T","?","?","?","?","$","R","BOSS"],"build_version":"2018-02-01-PROD3","purchased_purges":0,"victory":false,"master_deck":["Strike_R","Strike_R","Strike_R","Strike_R","Strike_R","Defend_R","Defend_R+1","Defend_R+1","Defend_R","Bash","Twin Strike","Perfected Strike","True Grit","Dual Wield","Demon Form","Anger","Feed","Sword Boomerang","Dramatic Entrance","Fire Breathing+1","Wild Strike","Whirlwind","Cleave","Finesse"],"max_hp_per_floor":[80,80,80,80,80,80,80,80,80,80,80,80,80,80,80,80,80,80,77,84,84,84,84,84,84,84,84,84,89,89,89,99],"relics":["Burning Blood","Shovel","Meat on the Bone","Bag of Marbles","Old Coin","War Paint","Bronze Scales","Matryoshka","Mark of Pain","Lee\u0027s Waffle","Medical Kit","Toy Ornithopter","Regal Pillow","Champion Belt","Dream Catcher","Happy Flower","Prayer Wheel","Pear"],"card_choices":[{"not_picked":["Clash","Anger"],"picked":"Twin Strike"},{"not_picked":["Clash","Headbutt"],"picked":"Perfected Strike"},{"not_picked":["Body Slam","Corruption"],"picked":"True Grit"},{"not_picked":["Clothesline","Rupture"],"picked":"Dual Wield"},{"not_picked":["Heavy Blade","Warcry"],"picked":"Demon Form"},{"not_picked":["Clash","Rampage"],"picked":"Anger"},{"not_picked":["Juggernaut","Brutality"],"picked":"Feed"},{"not_picked":["Twin Strike","Shockwave"],"picked":"Sword Boomerang"},{"not_picked":["Heavy Blade","Thunderclap"],"picked":"Fire Breathing"},{"not_picked":["Berserk","Sword Boomerang"],"picked":"Wild Strike"},{"not_picked":["Corruption","Flex"],"picked":"Cleave"}],"player_experience":18464,"potions_floor_usage":[16,16,28],"damage_taken":[{"damage":6,"enemies":"2 Louse","floor":1,"turns":3},{"damage":7,"enemies":"Small Slimes","floor":2,"turns":4},{"damage":8,"enemies":"Jaw Worm","floor":5,"turns":3},{"damage":0,"enemies":"Large Slime","floor":10,"turns":5},{"damage":26,"enemies":"Gremlin Gang","floor":12,"turns":4},{"damage":20,"enemies":"Lots of Slimes","floor":13,"turns":4},{"damage":66,"enemies":"Slime Boss","floor":16,"turns":9},{"damage":14,"enemies":"3 Byrds","floor":18,"turns":4},{"damage":54,"enemies":"Slavers","floor":24,"turns":5},{"damage":6,"enemies":"Shell Parasite","floor":28,"turns":3},{"damage":88,"enemies":"Automaton","floor":33,"turns":8}],"event_choices":[{"event_name":"Big Fish","player_choice":"Box","floor":3,"damage_taken":0},{"event_name":"Golden Wing","player_choice":"Card Removal","floor":4,"damage_taken":0},{"event_name":"World of Goop","player_choice":"Gather Gold","floor":7,"damage_taken":0},{"event_name":"Mushrooms","player_choice":"Healed and dodged fight","floor":14,"damage_taken":0},{"event_name":"Fountain of Cleansing","player_choice":"Removed Curse","floor":19,"damage_taken":0},{"event_name":"The Mausoleum","player_choice":"Yes","floor":21,"damage_taken":0},{"event_name":"Back to Basics","player_choice":"Elegance","floor":22,"damage_taken":0},{"event_name":"The Library","player_choice":"Read","floor":27,"damage_taken":0},{"event_name":"Forgotten Altar","player_choice":"Shed Blood","floor":29,"damage_taken":0}],"boss_relics":[{"not_picked":["Ectoplasm","Runic Dome"],"picked":"Mark of Pain"}],"potions_floor_spawned":[2,5,16,18,28],"seed_played":"8311477452268454679","killed_by":"Automaton","ascension_level":0,"is_trial":false}