{"path_per_floor":["M","?","M","M","$","R","E","?","T","T","E","R","M","?","R","B",null,"M","M","M","$","?","R","M","?","T","T","R","M","M","$","R"],"character_chosen":"IRONCLAD","items_purchased":["Vajra","Self Forming Clay","Toolbox","Metallicize","Headbutt"],"gold_per_floor":[116,116,135,151,0,0,27,27,77,77,108,108,122,122,122,226,226,245,265,280,31,31,31,44,294,324,348,348,361,380,20,20],"floor_reached":33,"campfire_rested":4,"playtime":971,"current_hp_per_floor":[80,80,80,80,80,80,59,59,59,59,46,70,64,64,64,7,80,60,28,20,20,20,44,55,55,55,55,80,56,41,41,80],"items_purged":[],"gold":20,"score":255,"play_id":"5f1880ef-8615-4781-8d6e-398a7a314220","is_prod":false,"is_daily":false,"is_ascension_mode":false,"campfire_upgraded":2,"path_taken":["M","?","?","M","$","R","E","?","T","?","E","R","M","?","R","BOSS","M","?","M","$","?","R","M","?","T","?","R","M","M","?","R","BOSS"],"build_version":"2018-02-15-PROD1","purchased_purges":0,"victory":false,"master_deck":["Bash","Rampage","Spot Weakness+1","Ghostly Armor","Infernal Blade+1","Pummel","Reaper","Pummel","Juggernaut+1","Rage","Headbutt","Sword Boomerang","True Grit","Rampage","Burning Pact","Armaments","Flex","Havoc","Flex","Twin Strike","Intimidate","Writhe","Shockwave+1","Headbutt+1","Regret","Heavy Blade","Pommel Strike","Carnage","Blood for Blood","Perfected Strike","Metallicize+1","Headbutt","Power Through"],"max_hp_per_floor":[80,80,80,80,80,80,80,80,80,80,80,80,80,80,80,80,80,80,80,80,80,80,80,80,80,80,80,80,80,80,80,80],"relics":["Burning Blood","Blood Vial","Vajra","Frozen Egg 2","Prayer Wheel","Ice Cream","Oddly Smooth Stone","Pandora\u0027s Box","Self Forming Clay","Dream Catcher","Tiny Chest","Regal Pillow","Toolbox"],"card_choices":[{"not_picked":["Cleave","Pommel Strike"],"picked":"Rampage"},{"not_picked":["Inflame","Entrench"],"picked":"Spot Weakness"},{"not_picked":["Rampage","Sword Boomerang"],"picked":"Ghostly Armor"},{"not_picked":["Anger","Iron Wave"],"picked":"Infernal Blade"},{"not_picked":["Dual Wield","Clothesline"],"picked":"Pummel"},{"not_picked":["Cleave","Searing Blow"],"picked":"Reaper"},{"not_picked":["Shrug It Off","Heavy Blade"],"picked":"Pummel"},{"not_picked":["Brutality","Bludgeon"],"picked":"Juggernaut"},{"not_picked":["Headbutt","Clash"],"picked":"Flex"},{"not_picked":["Body Slam","Thunderclap"],"picked":"Twin Strike"},{"not_picked":["Sever Soul","Wild Strike"],"picked":"Intimidate"},{"not_picked":["Second Wind","Havoc"],"picked":"Shockwave"},{"not_picked":["Brutality","Iron Wave"],"picked":"Headbutt"},{"not_picked":["Perfected Strike","Anger"],"picked":"Heavy Blade"},{"not_picked":["Combust","Havoc"],"picked":"Pommel Strike"},{"not_picked":["Cleave","Wild Strike"],"picked":"Carnage"},{"not_picked":["Headbutt","Havoc"],"picked":"Blood for Blood"},{"not_picked":["Shrug It Off","Pommel Strike"],"picked":"Perfected Strike"},{"not_picked":["Reaper","Intimidate"],"picked":"Power Through"}],"player_experience":109381,"potions_floor_usage":[4,11,16,24,29],"damage_taken":[{"damage":5,"enemies":"Cultist","floor":1,"turns":4},{"damage":5,"enemies":"Small Slimes","floor":3,"turns":3},{"damage":0,"enemies":"2 Louse","floor":4,"turns":2},{"damage":27,"enemies":"3 Sentries","floor":7,"turns":7},{"damage":21,"enemies":"Lagavulin","floor":11,"turns":6},{"damage":14,"enemies":"Looter","floor":13,"turns":3},{"damage":80,"enemies":"The Guardian","floor":16,"turns":11},{"damage":26,"enemies":"Spheric Guardian","floor":18,"turns":4},{"damage":40,"enemies":"2 Thieves","floor":19,"turns":4},{"damage":21,"enemies":"Snake Plant","floor":20,"turns":3},{"damage":12,"enemies":"3 Cultists","floor":24,"turns":5},{"damage":30,"enemies":"Sentry and Sphere","floor":29,"turns":4},{"damage":44,"enemies":"Centurion and Healer","floor":30,"turns":5},{"damage":99,"enemies":"Automaton","floor":33,"turns":6}],"event_choices":[{"event_name":"The Cleric","player_choice":"Leave","floor":2,"damage_taken":0},{"event_name":"Golden Wing","player_choice":"Ignored","floor":8,"damage_taken":0},{"event_name":"Purifier","player_choice":"Skipped","floor":14,"damage_taken":0},{"event_name":"The Mausoleum","player_choice":"Yes","floor":22,"damage_taken":0},{"event_name":"Golden Shrine","player_choice":"Desecrate","floor":25,"damage_taken":0}],"boss_relics":[{"not_picked":["Mark of Pain","Eternal Feather"],"picked":"Pandora\u0027s Box"}],"potions_floor_spawned":[3,7,11,20,24],"seed_played":"2263305225804683955","killed_by":"Automaton","ascension_level":0,"is_trial":false}