{"path_per_floor":["M","?","?","$","M","R","E","R","T","$","M","M","R","?","R","B",null,"M","?","$","M","M"],"character_chosen":"IRONCLAD","items_purchased":["Flex","Reckless Charge","Limit Break","Art of War","Flex"],"gold_per_floor":[115,115,115,26,41,41,67,67,122,47,65,79,79,79,79,177,177,191,191,23,36,46],"floor_reached":23,"campfire_rested":1,"playtime":821,"current_hp_per_floor":[79,79,79,79,79,79,63,63,63,63,60,54,54,54,78,23,80,62,80,80,48,20],"items_purged":[],"gold":46,"score":189,"play_id":"9fc2c3dd-8cdf-4fd7-af3e-b2130cbcfc96","is_prod":false,"is_daily":false,"is_ascension_mode":false,"campfire_upgraded":3,"path_taken":["M","?","?","$","M","R","E","R","T","$","M","?","R","?","R","BOSS","M","?","$","?","M","E"],"build_version":"2018-02-15-PROD1","purchased_purges":0,"victory":false,"master_deck":["Strike_R","Strike_R","Defend_R","Defend_R","Defend_R","Bash","Pummel+1","Regret","Flex","Reckless Charge","Dropkick+1","Clothesline","Limit Break+1","Flex","Sever Soul","Double Tap","Limit Break+1","Barricade+1","Feel No Pain+1","Seeing Red+1","Flex","Twin Strike","True Grit+1"],"max_hp_per_floor":[80,80,80,80,80,80,80,80,80,80,80,80,80,80,80,80,80,80,80,80,80,80],"relics":["Question Card","Self Forming Clay","Smiling Mask","Tiny Chest","Astrolabe","Art of War"],"card_choices":[{"not_picked":["Warcry","Brutality","Anger"],"picked":"Pummel"},{"not_picked":["Burning Pact","Reckless Charge","Wild Strike"],"picked":"Dropkick"},{"not_picked":["True Grit","Sword Boomerang","Entrench"],"picked":"Clothesline"},{"not_picked":["Sever Soul","Perfected Strike","Headbutt"],"picked":"Dual Wield"},{"not_picked":["Ghostly Armor","Sword Boomerang","Anger"],"picked":"Flex"},{"not_picked":["Demon Form","Barricade","Impervious"],"picked":"Double Tap"},{"not_picked":["Rampage","Searing Blow","Warcry"],"picked":"Seeing Red"},{"not_picked":["Clash","Anger","Havoc"],"picked":"Twin Strike"},{"not_picked":["Twin Strike","Headbutt","Warcry"],"picked":"True Grit"}],"player_experience":123769,"potions_floor_usage":[7,12,22,23],"damage_taken":[{"damage":1,"enemies":"Cultist","floor":1,"turns":4},{"damage":0,"enemies":"Small Slimes","floor":5,"turns":2},{"damage":16,"enemies":"Lagavulin","floor":7,"turns":3},{"damage":3,"enemies":"Jaw Worm","floor":11,"turns":3},{"damage":6,"enemies":"Exordium Wildlife","floor":12,"turns":3},{"damage":55,"enemies":"Slime Boss","floor":16,"turns":7},{"damage":18,"enemies":"Chosen","floor":18,"turns":5},{"damage":32,"enemies":"Spheric Guardian","floor":21,"turns":4},{"damage":28,"enemies":"Centurion and Healer","floor":22,"turns":4},{"damage":36,"enemies":"Book of Stabbing","floor":23,"turns":4}],"event_choices":[{"event_name":"The Cleric","player_choice":"Leave","floor":2,"damage_taken":0},{"event_name":"Big Fish","player_choice":"Box","floor":3,"damage_taken":0},{"event_name":"Living Wall","player_choice":"Change","floor":14,"damage_taken":0},{"event_name":"Bonfire Elementals","player_choice":"UNCOMMON","floor":19,"damage_taken":0}],"boss_relics":[{"not_picked":["Sozu","Philosopher\u0027s Stone"],"picked":"Astrolabe"}],"potions_floor_spawned":[1,11,21,22],"seed_played":"-5954127306448205694","killed_by":"Book of Stabbing","ascension_level":0,"is_trial":false}