{"path_per_floor":["M","?","?","M","T","R","?","R","T","M","M","M","R","M","R","B",null,"M","?","?","$","M","R","M","R","T","M","$","R","M","M","R","B",null,"M","?","?","?","?","E","R","E","T","R","$","$","M","M","R","B"],"character_chosen":"IRONCLAD","items_purchased":["Mummified Hand","Master of Strategy","Thread and Needle"],"gold_per_floor":[109,109,109,134,134,134,134,134,188,203,223,241,241,259,259,379,379,399,314,314,314,335,335,360,360,360,383,308,308,322,336,336,465,465,484,484,484,817,817,843,843,876,902,902,361,75,91,106,106,106],"floor_reached":51,"campfire_rested":1,"playtime":4219,"current_hp_per_floor":[80,80,64,64,78,78,78,78,78,78,78,54,54,47,47,46,94,93,93,93,93,84,84,79,79,79,78,78,78,78,68,68,50,94,94,94,84,84,84,84,84,70,70,94,94,94,94,94,94,94],"items_purged":["Anger","Cleave"],"gold":106,"play_id":"bdd7b2ac-7bb4-4456-8e9e-e291b998c0c7","is_prod":false,"is_daily":false,"campfire_rituals":0,"campfire_upgraded":10,"is_hardmode":false,"path_taken":["M","?","?","M","?","R","?","R","T","?","M","?","R","M","R","BOSS","M","?","?","$","M","R","M","R","T","M","$","R","M","M","R","BOSS","M","?","?","?","?","E","R","E","T","R","?","$","M","?","R","BOSS"],"build_version":"2017-12-29-BETA1","purchased_purges":3,"victory":true,"master_deck":["Bash","Shrug It Off","Pummel","Sword Boomerang","Barricade","Metallicize","True Grit","True Grit","Body Slam","Headbutt","Feel No Pain","Dual Wield","Shrug It Off","Madness","Madness","Master of Strategy","Body Slam"],"max_hp_per_floor":[80,80,80,80,94,94,94,94,94,94,94,94,94,94,94,94,94,94,94,94,94,94,94,94,94,94,94,94,94,94,94,94,94,94,94,94,94,94,94,94,94,94,94,94,94,94,94,94,94,94],"relics":["Pandora\u0027s Box","Mango","Lantern","Runic Dome","Bronze Scales","Charon\u0027s Ashes","Mark of Pain","Toolbox","Dream Catcher","Ancient Tea Set","Mummified Hand","Thread and Needle"],"campfire_meditates":0,"card_choices":[{"not_picked":["Sword Boomerang","Anger"],"picked":"Cleave"},{"not_picked":["Seeing Red","Anger"],"picked":"True Grit"},{"not_picked":["Clothesline","Iron Wave"],"picked":"Body Slam"},{"not_picked":["Perfected Strike","Dual Wield"],"picked":"Headbutt"},{"not_picked":["Anger","Headbutt"],"picked":"Feel No Pain"},{"not_picked":["Disarm","Anger"],"picked":"Dual Wield"},{"not_picked":["Perfected Strike","Pommel Strike"],"picked":"Shrug It Off"},{"not_picked":["Iron Wave","Perfected Strike"],"picked":"Body Slam"}],"player_experience":161059,"potions_floor_usage":[11,24,24,24,31,50],"damage_taken":[{"damage":0,"enemies":"Cultist","floor":1,"turns":2},{"damage":0,"enemies":"Jaw Worm","floor":4,"turns":3},{"damage":0,"enemies":"2 Louse","floor":10,"turns":3},{"damage":0,"enemies":"2 Fungi Beasts","floor":11,"turns":3},{"damage":24,"enemies":"Exordium Thugs","floor":12,"turns":4},{"damage":7,"enemies":"Looter","floor":14,"turns":4},{"damage":1,"enemies":"Hexaghost","floor":16,"turns":9},{"damage":1,"enemies":"3 Byrds","floor":18,"turns":8},{"damage":9,"enemies":"Shell Parasite","floor":22,"turns":4},{"damage":20,"enemies":"Centurion and Healer","floor":24,"turns":18},{"damage":1,"enemies":"Snake Plant","floor":27,"turns":3},{"damage":0,"enemies":"Snecko","floor":30,"turns":5},{"damage":10,"enemies":"3 Cultists","floor":31,"turns":4},{"damage":18,"enemies":"Champ","floor":33,"turns":7},{"damage":0,"enemies":"Flame Bruiser 1 Orb","floor":35,"turns":4},{"damage":0,"enemies":"Giant Head","floor":40,"turns":5},{"damage":14,"enemies":"2 Orb Walkers","floor":42,"turns":5},{"damage":0,"enemies":"Orb Walker","floor":47,"turns":2},{"damage":0,"enemies":"4 Shapes","floor":48,"turns":4},{"damage":0,"enemies":"Awakened One","floor":50,"turns":6}],"event_choices":[{"event_name":"Living Wall","player_choice":"Grow","floor":2,"damage_taken":0},{"event_name":"Golden Idol","player_choice":"Take Damage","floor":3,"damage_taken":0},{"event_name":"Purifier","player_choice":"One Purge","floor":7,"damage_taken":0},{"event_name":"Addict","player_choice":"Obtained Relic","floor":19,"damage_taken":0},{"event_name":"Drug Dealer","player_choice":"Ignored","floor":20,"damage_taken":0},{"event_name":"Winding Halls","player_choice":"Embrace Madness","floor":37,"damage_taken":0},{"event_name":"The Moai Head","player_choice":"Gave Idol","floor":38,"damage_taken":0},{"event_name":"Mysterious Sphere","player_choice":"Ignore","floor":39,"damage_taken":0}],"boss_relics":[{"not_picked":["Lizard Tail","Velvet Choker"],"picked":"Runic Dome"},{"not_picked":["Orrery","Eternal Feather"],"picked":"Mark of Pain"}],"potions_floor_spawned":[1,10,12,18,22,27,47,48],"seed_played":"2735433584135373562","is_trial":false}