{"path_per_floor":["M","?","M","M","?","E","R","?","T","R","M","M","M","?","R","B",null,"M","M","?","$","?","E","M","?","T","R","M","R","M","$","R","B",null,"M","M","?","?","?","E","T","M","T","R","M","?","M","M","R","B"],"character_chosen":"IRONCLAD","items_purchased":["Bag of Marbles","Flex","War Paint"],"gold_per_floor":[111,111,121,140,114,148,148,173,173,173,186,201,221,221,221,325,325,339,357,357,28,28,63,79,4,4,4,22,22,35,35,35,133,133,149,164,0,0,0,30,111,131,131,131,149,194,205,223,223,223],"floor_reached":51,"campfire_rested":6,"playtime":5554,"current_hp_per_floor":[78,71,72,77,77,44,71,51,51,78,79,70,76,90,90,67,90,72,63,63,63,47,39,37,37,37,64,70,90,90,90,90,62,90,66,64,64,54,54,57,57,42,42,69,75,86,62,49,81,16],"items_purged":[],"gold":223,"play_id":"db4531ed-d611-406d-adbc-be8660ca3f81","is_prod":false,"is_daily":false,"campfire_rituals":0,"campfire_upgraded":2,"is_hardmode":false,"path_taken":["M","?","?","M","?","E","R","?","T","R","?","M","?","?","R","BOSS","M","M","?","$","?","E","M","?","T","R","M","R","M","?","R","BOSS","M","M","?","?","?","E","?","M","T","R","M","?","M","M","R","BOSS"],"build_version":"2017-12-21-PROD1","purchased_purges":0,"victory":true,"master_deck":["Strike_R","Strike_R","Strike_R","Strike_R","Strike_R","Defend_R","Defend_R","Defend_R","Defend_R","Bash","Iron Wave","Pommel Strike","Perfected Strike","Perfected Strike","Perfected Strike","Headbutt","Cleave","Offering","Rage","Twin Strike","Flex","Dual Wield","Shockwave","Blood for Blood","Feed","Thunderclap","Pommel Strike","Madness","Madness","Rupture","Double Tap","Infernal Blade","Clash","Clash"],"max_hp_per_floor":[80,80,80,80,80,90,90,90,90,90,90,90,90,90,90,90,90,90,90,90,90,90,90,90,90,90,90,90,90,90,90,90,90,90,90,90,90,90,90,90,90,90,90,90,90,107,107,107,107,107],"relics":["Burning Blood","Dodecahedron","Pear","Odd Mushroom","Gambling Chip","Mark of Pain","Bag of Marbles","War Paint","Enchiridion","Bottled Lightning","Peace Pipe","White Beast Statue","Red Mask","Vajra","Mummified Hand","Lantern","Mango"],"campfire_meditates":0,"card_choices":[{"not_picked":["Clash","Flex"],"picked":"Iron Wave"},{"not_picked":["Warcry","Anger"],"picked":"Pommel Strike"},{"not_picked":["Anger","Clash"],"picked":"Perfected Strike"},{"not_picked":["Pommel Strike","Combust"],"picked":"Perfected Strike"},{"not_picked":["Clash","Dropkick"],"picked":"Metallicize"},{"not_picked":["Clothesline","Demon Form"],"picked":"Perfected Strike"},{"not_picked":["Rupture","Body Slam"],"picked":"Headbutt"},{"not_picked":["Clash","Perfected Strike"],"picked":"Cleave"},{"not_picked":["Dark Embrace","Fiend Fire"],"picked":"Offering"},{"not_picked":["Clothesline","Twin Strike"],"picked":"Rage"},{"not_picked":["Anger","Bloodletting"],"picked":"Twin Strike"},{"not_picked":["Clash","Body Slam"],"picked":"Dual Wield"},{"not_picked":["Shrug It Off","Blood for Blood"],"picked":"Corruption"},{"not_picked":["Clash","Inflame"],"picked":"Shockwave"},{"not_picked":["Sword Boomerang","True Grit"],"picked":"Blood for Blood"},{"not_picked":["Dark Embrace","Berserk"],"picked":"Feed"},{"not_picked":["Anger","Cleave"],"picked":"Thunderclap"},{"not_picked":["Thunderclap","Anger"],"picked":"Pommel Strike"},{"not_picked":["Rage","Combust"],"picked":"Rupture"},{"not_picked":["Cleave","Body Slam"],"picked":"Double Tap"},{"not_picked":["Sever Soul","Flex"],"picked":"Infernal Blade"},{"not_picked":["Feel No Pain","Sword Boomerang"],"picked":"Clash"},{"not_picked":["Disarm","Barricade"],"picked":"Clash"}],"player_experience":0,"potions_floor_usage":[16,16,16,33,40,40,40,46,46,48,48,50],"damage_taken":[{"damage":8,"enemies":"Blue Slaver","floor":1,"turns":5},{"damage":5,"enemies":"Looter","floor":3,"turns":3},{"damage":1,"enemies":"Cultist","floor":4,"turns":3},{"damage":49,"enemies":"Lagavulin","floor":6,"turns":6},{"damage":26,"enemies":"The Mushroom Lair","floor":8,"turns":3},{"damage":5,"enemies":"Gremlin Gang","floor":11,"turns":5},{"damage":15,"enemies":"Exordium Thugs","floor":12,"turns":3},{"damage":0,"enemies":"3 Louse","floor":13,"turns":4},{"damage":29,"enemies":"The Guardian","floor":16,"turns":8},{"damage":24,"enemies":"Shell Parasite","floor":18,"turns":4},{"damage":15,"enemies":"2 Thieves","floor":19,"turns":2},{"damage":14,"enemies":"Slavers","floor":23,"turns":3},{"damage":8,"enemies":"Centurion and Healer","floor":24,"turns":2},{"damage":0,"enemies":"Snecko","floor":28,"turns":2},{"damage":0,"enemies":"Snake Plant","floor":30,"turns":1},{"damage":34,"enemies":"Champ","floor":33,"turns":8},{"damage":30,"enemies":"3 Darklings","floor":35,"turns":4},{"damage":8,"enemies":"3 Shapes","floor":36,"turns":3},{"damage":15,"enemies":"Giant Head","floor":40,"turns":5},{"damage":21,"enemies":"Maw","floor":42,"turns":5},{"damage":0,"enemies":"3 Darklings","floor":45,"turns":1},{"damage":12,"enemies":"Mysterious Sphere","floor":46,"turns":2},{"damage":30,"enemies":"Sphere and 2 Shapes","floor":47,"turns":5},{"damage":19,"enemies":"Maw","floor":48,"turns":6},{"damage":71,"enemies":"Awakened One","floor":50,"turns":7}],"event_choices":[{"event_name":"Scrap Ooze","player_choice":"success","floor":2,"damage_taken":7},{"event_name":"World of Goop","player_choice":"Left","floor":5,"damage_taken":0},{"event_name":"Mushrooms","player_choice":"Fought Mushrooms","floor":8,"damage_taken":0},{"event_name":"Big Fish","player_choice":"Banana","floor":14,"damage_taken":0},{"event_name":"Back to Basics","player_choice":"Simplicity","floor":20,"damage_taken":0},{"event_name":"Cursed Tome","player_choice":"Obtained Book","floor":22,"damage_taken":0},{"event_name":"Beggar","player_choice":"Gave Gold","floor":25,"damage_taken":0},{"event_name":"Tomb of Lord Red Mask","player_choice":"Paid","floor":37,"damage_taken":0},{"event_name":"Winding Halls","player_choice":"Embrace Madness","floor":38,"damage_taken":0},{"event_name":"Mysterious Sphere","player_choice":"Fight","floor":46,"damage_taken":0}],"boss_relics":[{"not_picked":["Tiny House","Lizard Tail"],"picked":"Mark of Pain"},{"not_picked":["Orrery","Calling Bell"],"picked":"White Beast Statue"}],"potions_floor_spawned":[11,12,13,23,30,35,36,40,42,45,46,47,48],"seed_played":"2131353007415068086","is_trial":false}