{"path_per_floor":["M","M","T","M","M","E","R","M","T","R","?","M","R","M","R","B",null,"M","M","$","M","M","R","M","?","T","M","$","M","$","?","R","B",null,"M","?","$","?","M","R","?","R","T","E","R","M","M","M","R","B"],"character_chosen":"IRONCLAD","items_purchased":["Shrug It Off","Toolbox"],"gold_per_floor":[217,230,230,244,261,290,290,310,310,310,260,279,279,294,294,397,397,415,431,82,98,108,108,127,127,127,140,90,107,57,57,57,162,162,181,181,131,131,143,143,0,0,0,32,32,46,59,69,69,69],"floor_reached":51,"campfire_rested":2,"playtime":3744,"current_hp_per_floor":[69,74,74,74,50,23,23,27,27,27,27,36,36,45,45,31,80,80,81,81,78,89,89,92,92,92,95,95,92,92,92,92,74,98,81,81,81,81,82,88,88,94,94,45,82,72,81,57,97,52],"items_purged":["Strike_R","Writhe","Strike_R","Strike_R"],"gold":69,"score":656,"play_id":"9c1d1c79-d179-43e6-90b2-60e5372785cb","is_prod":false,"is_daily":false,"is_ascension_mode":true,"campfire_upgraded":8,"path_taken":["M","M","?","M","M","E","R","M","T","R","?","M","R","M","R","BOSS","M","M","$","M","M","R","M","?","T","M","$","?","$","?","R","BOSS","M","?","$","?","M","R","?","R","T","E","R","M","?","M","R","BOSS"],"build_version":"2018-02-05-BETA1","purchased_purges":4,"victory":true,"master_deck":["Strike_R","Defend_R","Defend_R","Defend_R","Bash+1","Thunderclap","Intimidate","Spot Weakness+1","Twin Strike","True Grit+1","Pommel Strike+1","Feed","Iron Wave+1","Sword Boomerang+1","Shrug It Off+1","Headbutt","Warcry+1","Barricade+1","Clothesline","Body Slam+1","Ghostly Armor"],"max_hp_per_floor":[80,80,80,80,80,80,80,80,80,80,80,80,80,80,80,80,80,80,83,83,86,89,89,92,92,92,95,95,98,98,98,98,98,98,98,98,98,98,101,101,101,101,101,104,104,107,107,107,107,107],"relics":["Burning Blood","Magic Flower","Gremlin Horn","Champion Belt","Cursed Key","Toolbox","Smiling Mask","Eternal Feather","Red Mask","Kunai"],"card_choices":[{"not_picked":["Flex","Perfected Strike"],"picked":"Thunderclap"},{"not_picked":["Carnage","Warcry"],"picked":"Intimidate"},{"not_picked":["Cleave","Combust"],"picked":"Spot Weakness"},{"not_picked":["Sword Boomerang","Heavy Blade"],"picked":"Twin Strike"},{"not_picked":["Armaments","Anger"],"picked":"True Grit"},{"not_picked":["Feel No Pain","Berserk"],"picked":"Pommel Strike"},{"not_picked":["Fiend Fire","Demon Form"],"picked":"Feed"},{"not_picked":["Carnage","True Grit"],"picked":"Iron Wave"},{"not_picked":["Second Wind","Havoc"],"picked":"Sword Boomerang"},{"not_picked":["Iron Wave","Armaments"],"picked":"Headbutt"},{"not_picked":["Armaments","Flex"],"picked":"Warcry"},{"not_picked":["Brutality","Immolate"],"picked":"Barricade"},{"not_picked":["Headbutt","Power Through"],"picked":"Clothesline"},{"not_picked":["Reckless Charge","Cleave"],"picked":"Body Slam"},{"not_picked":["Iron Wave","Sword Boomerang"],"picked":"Ghostly Armor"}],"player_experience":421249,"potions_floor_usage":[5,18,19,22,24,29,33,44,44,46],"damage_taken":[{"damage":17,"enemies":"Blue Slaver","floor":1,"turns":7},{"damage":1,"enemies":"Cultist","floor":2,"turns":4},{"damage":9,"enemies":"2 Louse","floor":4,"turns":4},{"damage":33,"enemies":"Exordium Thugs","floor":5,"turns":7},{"damage":36,"enemies":"Lagavulin","floor":6,"turns":8},{"damage":5,"enemies":"3 Louse","floor":8,"turns":2},{"damage":0,"enemies":"2 Fungi Beasts","floor":12,"turns":3},{"damage":0,"enemies":"Gremlin Gang","floor":14,"turns":3},{"damage":23,"enemies":"The Guardian","floor":16,"turns":8},{"damage":7,"enemies":"Spheric Guardian","floor":18,"turns":4},{"damage":13,"enemies":"2 Thieves","floor":19,"turns":3},{"damage":19,"enemies":"Slaver and Parasite","floor":21,"turns":5},{"damage":13,"enemies":"Centurion and Healer","floor":22,"turns":7},{"damage":7,"enemies":"Chosen and Byrds","floor":24,"turns":5},{"damage":0,"enemies":"3 Cultists","floor":27,"turns":3},{"damage":15,"enemies":"Slaver and Parasite","floor":29,"turns":7},{"damage":27,"enemies":"Collector","floor":33,"turns":9},{"damage":26,"enemies":"Orb Walker","floor":35,"turns":5},{"damage":13,"enemies":"3 Shapes","floor":39,"turns":6},{"damage":63,"enemies":"2 Orb Walkers","floor":44,"turns":5},{"damage":29,"enemies":"Spire Growth","floor":46,"turns":5},{"damage":0,"enemies":"Flame Bruiser 2 Orb","floor":47,"turns":6},{"damage":33,"enemies":"3 Darklings","floor":48,"turns":5},{"damage":54,"enemies":"Time Eater","floor":50,"turns":15}],"event_choices":[{"event_name":"The Cleric","player_choice":"Card Removal","floor":11,"damage_taken":0},{"event_name":"The Mausoleum","player_choice":"No","floor":25,"damage_taken":0},{"event_name":"Beggar","player_choice":"Ignored","floor":31,"damage_taken":0},{"event_name":"Mysterious Sphere","player_choice":"Ignore","floor":36,"damage_taken":0},{"event_name":"Tomb of Lord Red Mask","player_choice":"Paid","floor":41,"damage_taken":0}],"boss_relics":[{"not_picked":["Pandora\u0027s Box","Astrolabe"],"picked":"Cursed Key"},{"not_picked":["Tiny House","Orrery"],"picked":"Eternal Feather"}],"potions_floor_spawned":[4,6,8,14,16,21,22,24,29,33,44],"seed_played":"9213773464203963294","ascension_level":2,"is_trial":false}