{"path_per_floor":["M","M","M","$","M","E","R","?","T","M","R","M","E","M","R","B",null,"M","?","?","?","M","R","M","R","T","$","E","M","R","M","R"],"character_chosen":"IRONCLAD","items_purchased":["Shockwave"],"gold_per_floor":[113,132,142,67,79,106,106,74,74,94,94,113,139,149,149,220,220,237,152,152,77,95,95,115,115,142,8,39,59,59,73,73],"floor_reached":33,"campfire_rested":4,"playtime":1548,"current_hp_per_floor":[74,70,65,65,46,23,23,23,23,22,43,49,8,13,34,31,62,47,47,47,47,41,41,36,57,57,57,32,21,21,23,44],"items_purged":["Parasite","Strike_R"],"gold":73,"score":474,"play_id":"ad807918-4314-470f-b2d4-33c87196873f","is_prod":false,"is_daily":false,"is_ascension_mode":true,"campfire_upgraded":3,"path_taken":["M","M","M","$","M","E","R","?","T","?","R","M","E","M","R","BOSS","M","?","?","?","M","R","M","R","T","$","E","M","R","M","R","BOSS"],"build_version":"2018-02-08-BETA1","purchased_purges":2,"victory":false,"master_deck":["Strike_R+1","Strike_R+1","Strike_R+1","Defend_R+1","Defend_R+1","Defend_R+1","Defend_R+1","Bash","Seeing Red","Thunderclap","Iron Wave+1","Ghostly Armor","Flex","Metallicize","Demon Form+1","Offering","Evolve+1","Ghostly Armor","Shockwave+1","Shrug It Off","Sword Boomerang"],"max_hp_per_floor":[75,75,75,72,72,72,72,72,72,72,72,72,72,72,72,72,72,72,72,72,72,72,72,72,72,72,72,72,72,72,72,72],"relics":["Burning Blood","Ancient Tea Set","Peace Pipe","Bronze Scales","Mark of Pain","Lantern","Juzu Bracelet","Darkstone Periapt"],"card_choices":[{"not_picked":["Body Slam","Bloodletting"],"picked":"Seeing Red"},{"not_picked":["Havoc","Perfected Strike"],"picked":"Thunderclap"},{"not_picked":["Clothesline","Sword Boomerang"],"picked":"Iron Wave"},{"not_picked":["Burning Pact","Heavy Blade"],"picked":"Ghostly Armor"},{"not_picked":["Wild Strike","Dropkick"],"picked":"Flex"},{"not_picked":["Flex","Cleave"],"picked":"Metallicize"},{"not_picked":["Uppercut","Fire Breathing"],"picked":"Demon Form"},{"not_picked":["Dark Embrace","Brutality"],"picked":"Offering"},{"not_picked":["Twin Strike","Iron Wave"],"picked":"Evolve"},{"not_picked":["Thunderclap","True Grit"],"picked":"Ghostly Armor"},{"not_picked":["Iron Wave","Headbutt"],"picked":"Shrug It Off"},{"not_picked":["Iron Wave","Power Through"],"picked":"Sword Boomerang"}],"player_experience":504098,"potions_floor_usage":[6,6,10,12,28,33,33],"damage_taken":[{"damage":0,"enemies":"Small Slimes","floor":1,"turns":3},{"damage":10,"enemies":"2 Louse","floor":2,"turns":2},{"damage":11,"enemies":"Cultist","floor":3,"turns":4},{"damage":25,"enemies":"Red Slaver","floor":5,"turns":5},{"damage":29,"enemies":"Gremlin Nob","floor":6,"turns":5},{"damage":7,"enemies":"Exordium Thugs","floor":10,"turns":5},{"damage":0,"enemies":"3 Louse","floor":12,"turns":1},{"damage":47,"enemies":"Lagavulin","floor":13,"turns":8},{"damage":1,"enemies":"Looter","floor":14,"turns":4},{"damage":9,"enemies":"Hexaghost","floor":16,"turns":8},{"damage":21,"enemies":"3 Byrds","floor":18,"turns":3},{"damage":12,"enemies":"Shell Parasite","floor":22,"turns":5},{"damage":11,"enemies":"3 Cultists","floor":24,"turns":6},{"damage":31,"enemies":"Book of Stabbing","floor":28,"turns":6},{"damage":17,"enemies":"Snecko","floor":29,"turns":5},{"damage":4,"enemies":"Centurion and Healer","floor":31,"turns":6},{"damage":62,"enemies":"Champ","floor":33,"turns":9}],"event_choices":[{"event_name":"World of Goop","player_choice":"Left","floor":8,"damage_taken":0},{"event_name":"Addict","player_choice":"Obtained Relic","floor":19,"damage_taken":0},{"event_name":"Back to Basics","player_choice":"Simplicity","floor":20,"damage_taken":0},{"event_name":"Beggar","player_choice":"Gave Gold","floor":21,"damage_taken":0}],"boss_relics":[{"not_picked":["Philosopher\u0027s Stone","Eternal Feather"],"picked":"Mark of Pain"}],"potions_floor_spawned":[3,5,6,10,14,22,29],"seed_played":"-2244264959482622439","killed_by":"Champ","ascension_level":14,"is_trial":false}