{"path_per_floor":["M","M","M","$","?","R","M","R","T","M","R","$","M","M","R","B",null,"M","$","?","?"],"character_chosen":"IRONCLAD","items_purchased":["Armaments","Panacea"],"gold_per_floor":[215,227,242,26,26,26,42,42,42,56,56,56,75,93,93,190,190,209,109,142,142],"floor_reached":22,"campfire_rested":0,"playtime":691,"current_hp_per_floor":[79,80,80,80,77,77,80,80,80,76,76,76,80,80,80,29,80,63,63,37,37],"items_purged":["Strike_R","Strike_R"],"gold":142,"score":176,"play_id":"436383c5-e1eb-4472-8d8b-0395f33ecad1","is_prod":false,"is_daily":false,"is_ascension_mode":false,"campfire_upgraded":4,"path_taken":["M","M","M","$","?","R","M","R","T","M","R","$","M","M","R","BOSS","M","$","?","?","M"],"build_version":"2018-02-16-BETA2","purchased_purges":2,"victory":false,"master_deck":["Strike_R","Strike_R","Strike_R","Defend_R","Defend_R","Defend_R","Defend_R","Bash","Flame Barrier+1","Twin Strike","Armaments+1","Panacea","Rampage+1","Flex+1","Cleave","Thunderclap","Feed","Shrug It Off+1"],"max_hp_per_floor":[80,80,80,80,80,80,80,80,80,80,80,80,80,80,80,80,80,83,83,87,87],"relics":["Burning Blood","Red Mask"],"card_choices":[{"not_picked":["Havoc","Infernal Blade"],"picked":"Flame Barrier"},{"not_picked":["Burning Pact","Body Slam"],"picked":"Twin Strike"},{"not_picked":["Shrug It Off","Whirlwind"],"picked":"Rampage"},{"not_picked":["Barricade","Clothesline"],"picked":"Flex"},{"not_picked":["Sword Boomerang","Evolve"],"picked":"Cleave"},{"not_picked":["Hemokinesis","Anger"],"picked":"Thunderclap"},{"not_picked":["Immolate","Brutality"],"picked":"Feed"},{"not_picked":["Headbutt","Clash"],"picked":"Shrug It Off"}],"player_experience":675411,"potions_floor_usage":[13,13,16,16,20,20],"damage_taken":[{"damage":7,"enemies":"Small Slimes","floor":1,"turns":5},{"damage":4,"enemies":"Jaw Worm","floor":2,"turns":4},{"damage":0,"enemies":"2 Louse","floor":3,"turns":3},{"damage":0,"enemies":"Red Slaver","floor":7,"turns":4},{"damage":10,"enemies":"Looter","floor":10,"turns":3},{"damage":0,"enemies":"Lots of Slimes","floor":13,"turns":1},{"damage":6,"enemies":"2 Fungi Beasts","floor":14,"turns":3},{"damage":57,"enemies":"Hexaghost","floor":16,"turns":9},{"damage":26,"enemies":"Chosen","floor":18,"turns":5},{"damage":36,"enemies":"Masked Bandits","floor":20,"turns":6},{"damage":0,"enemies":"Spheric Guardian","floor":22,"turns":1}],"event_choices":[{"event_name":"Scrap Ooze","player_choice":"unsuccessful","floor":5,"damage_taken":3},{"event_name":"Masked Bandits","player_choice":"Fought over 109 gold","floor":20,"damage_taken":0},{"event_name":"Addict","player_choice":"Ignored","floor":21,"damage_taken":0}],"boss_relics":[{"not_picked":[]}],"potions_floor_spawned":[3,7,10,13,14,18],"seed_played":"-8047049465385312851","killed_by":"Spheric Guardian","ascension_level":0,"is_trial":false}