{"path_per_floor":["M","M","?","T","$","R","M","R","T","E","M","M","R","M","R","B",null,"M","?","?","$","M","R","E","?","T","$","M","E","R","?","R","B",null,"M","M","?","?","?","R","M","E","T","M","R","E","R","$","R","B"],"character_chosen":"IRONCLAD","items_purchased":["Flame Barrier","Shuriken","Shockwave","Fiend Fire","Dark Shackles"],"gold_per_floor":[368,387,387,387,312,312,325,325,325,356,374,387,387,404,404,478,478,495,495,495,321,332,332,364,364,364,65,84,118,118,147,147,224,224,242,259,259,304,304,304,318,344,371,388,388,421,421,68,68,68],"floor_reached":51,"campfire_rested":1,"playtime":2603,"current_hp_per_floor":[34,32,9,9,9,9,15,36,36,31,37,40,40,46,46,35,63,69,69,69,69,72,72,72,72,72,72,64,64,64,69,69,47,71,77,79,65,79,79,79,79,65,65,61,61,79,79,79,79,76],"items_purged":["Parasite","Strike_R","Strike_R"],"gold":68,"score":1041,"play_id":"f44ba017-707c-4ceb-b6b8-245aae98dd35","is_prod":false,"is_daily":false,"is_ascension_mode":true,"campfire_upgraded":10,"path_taken":["M","M","?","?","$","R","?","R","T","E","M","M","R","M","R","BOSS","M","?","?","$","?","R","E","?","T","$","?","E","R","?","R","BOSS","M","M","?","?","?","R","M","E","T","M","R","E","R","$","R","BOSS"],"build_version":"2018-02-21-BETA5","purchased_purges":3,"victory":true,"master_deck":["Strike_R","Strike_R+1","Defend_R","Defend_R+1","Defend_R","Bash","Armaments+1","Battle Trance","Inflame+1","Clothesline","Shrug It Off+1","Bludgeon+1","Cleave+1","Shrug It Off+1","Flame Barrier+1","Rampage+1","Shockwave","Flex","Corruption+1","Sword Boomerang+1","Exhume","Pommel Strike","Madness","Madness","Clumsy","Body Slam+1","Shrug It Off+1","Fiend Fire","Dark Shackles+1"],"max_hp_per_floor":[75,75,75,75,72,72,72,72,72,72,72,72,72,72,72,72,72,72,72,72,72,72,72,72,72,72,72,72,79,79,79,79,79,79,79,79,79,79,79,79,79,79,79,79,79,79,79,79,79,79],"relics":["Burning Blood","Bronze Scales","Anchor","Gambling Chip","Mark of Pain","Art of War","Dead Branch","Shuriken","Strawberry","Red Mask","Cursed Key","Calipers","Champion Belt","Bag of Preparation","Ancient Tea Set"],"card_choices":[{"not_picked":["Iron Wave","Flame Barrier"],"picked":"Armaments"},{"not_picked":["True Grit","Anger"],"picked":"Battle Trance"},{"not_picked":["Flex","Sword Boomerang"],"picked":"Inflame"},{"not_picked":["Dropkick","Rage"],"picked":"Clothesline"},{"not_picked":["Pommel Strike","Uppercut"],"picked":"Shrug It Off"},{"not_picked":["Exhume","Brutality"],"picked":"Bludgeon"},{"not_picked":["Carnage","Shrug It Off"],"picked":"Cleave"},{"not_picked":["Dropkick","Seeing Red"],"picked":"Rampage"},{"not_picked":["Cleave","Iron Wave"],"picked":"Flex"},{"not_picked":["Anger","Wild Strike"],"picked":"Corruption"},{"not_picked":["Flex","Uppercut"],"picked":"Sword Boomerang"},{"not_picked":["Feed","Juggernaut"],"picked":"Exhume"},{"not_picked":["Iron Wave","Armaments"],"picked":"Pommel Strike"},{"not_picked":["Armaments","Havoc"],"picked":"Body Slam"},{"not_picked":["Exhume","Flex"],"picked":"Shrug It Off"}],"player_experience":748667,"potions_floor_usage":[10,16,16,29,29,29,33,50,50],"damage_taken":[{"damage":3,"enemies":"2 Louse","floor":1,"turns":4},{"damage":8,"enemies":"Jaw Worm","floor":2,"turns":4},{"damage":0,"enemies":"Cultist","floor":7,"turns":3},{"damage":11,"enemies":"Lagavulin","floor":10,"turns":7},{"damage":0,"enemies":"Large Slime","floor":11,"turns":4},{"damage":3,"enemies":"2 Fungi Beasts","floor":12,"turns":4},{"damage":0,"enemies":"Blue Slaver","floor":14,"turns":4},{"damage":17,"enemies":"Slime Boss","floor":16,"turns":12},{"damage":0,"enemies":"3 Byrds","floor":18,"turns":3},{"damage":1,"enemies":"Chosen","floor":22,"turns":3},{"damage":3,"enemies":"Book of Stabbing","floor":24,"turns":6},{"damage":14,"enemies":"Snecko","floor":28,"turns":4},{"damage":25,"enemies":"Gremlin Leader","floor":29,"turns":6},{"damage":1,"enemies":"Masked Bandits","floor":31,"turns":3},{"damage":28,"enemies":"Automaton","floor":33,"turns":8},{"damage":0,"enemies":"3 Darklings","floor":35,"turns":3},{"damage":0,"enemies":"3 Shapes","floor":36,"turns":3},{"damage":0,"enemies":"Mysterious Sphere","floor":38,"turns":3},{"damage":4,"enemies":"Sphere and 2 Shapes","floor":41,"turns":4},{"damage":20,"enemies":"Nemesis","floor":42,"turns":5},{"damage":10,"enemies":"4 Shapes","floor":44,"turns":2},{"damage":4,"enemies":"Giant Head","floor":46,"turns":2},{"damage":9,"enemies":"Time Eater","floor":50,"turns":5}],"event_choices":[{"event_name":"Shining Light","player_choice":"Entered Light","floor":3,"damage_taken":0},{"event_name":"Vampires","player_choice":"Ignored","floor":19,"damage_taken":0},{"event_name":"Duplicator","player_choice":"One dupe","floor":20,"damage_taken":0},{"event_name":"Purifier","player_choice":"One Purge","floor":25,"damage_taken":0},{"event_name":"Masked Bandits","player_choice":"Fought over 118 gold","floor":31,"damage_taken":0},{"event_name":"Winding Halls","player_choice":"Embrace Madness","floor":37,"damage_taken":0},{"event_name":"Mysterious Sphere","player_choice":"Fight","floor":38,"damage_taken":0}],"boss_relics":[{"not_picked":["Runic Cube","Ectoplasm"],"picked":"Mark of Pain"},{"not_picked":["Lizard Tail","Tiny House"],"picked":"Cursed Key"}],"potions_floor_spawned":[1,2,14,16,24,28,31,33,41,42,46],"seed_played":"-6316485527379649349","ascension_level":15,"is_trial":false}