{"path_per_floor":["M","M","$","?","M","E","R","?","T","M","R","M","M","M","R","B",null,"M","?","$","?","M","R","M","R","T","R","?","M","M","M","R","B",null,"M","M","?","?","M","R","$","R","T","M","M","?","R","M","R","B"],"character_chosen":"IRONCLAD","items_purchased":["Searing Blow","True Grit"],"gold_per_floor":[117,137,22,22,32,57,57,57,125,136,136,154,168,182,182,253,253,225,225,125,40,54,54,74,74,74,74,74,90,102,113,113,190,190,208,223,223,277,290,290,120,120,175,187,200,200,200,214,214,214],"floor_reached":51,"campfire_rested":1,"playtime":2553,"current_hp_per_floor":[81,76,76,76,78,48,48,48,48,42,42,48,54,44,44,32,67,41,41,41,41,44,44,44,44,44,44,21,19,25,24,49,25,69,75,81,81,84,84,84,84,84,91,91,91,91,91,83,83,91],"items_purged":["Parasite","Perfected Strike","Strike_R"],"gold":214,"score":887,"play_id":"18f6e2ac-e95a-46c5-8bdd-9842bbef97a0","is_prod":false,"is_daily":false,"is_ascension_mode":true,"campfire_upgraded":10,"path_taken":["M","M","$","?","M","E","R","?","T","M","R","M","M","M","R","BOSS","M","?","?","?","?","R","M","R","T","R","?","M","?","M","R","BOSS","M","M","?","?","M","R","$","R","T","M","M","?","R","M","R","BOSS"],"build_version":"2018-02-22-BETA1","purchased_purges":3,"victory":true,"master_deck":["Defend_R","Defend_R","Defend_R","Defend_R","Bash","Armaments+1","Disarm","Searing Blow+9","Inflame","Battle Trance","Impervious","Shrug It Off","Barricade+1","Entrench+1","Fire Breathing+1","Ghostly Armor","Shrug It Off+1","Heavy Blade+1","True Grit+1","Body Slam","Writhe"],"max_hp_per_floor":[82,82,79,79,79,79,79,79,79,79,79,79,79,79,79,79,79,79,79,79,79,79,79,79,79,79,79,84,84,84,84,84,84,84,84,84,84,84,84,84,84,84,91,91,91,91,91,91,91,91],"relics":["Burning Blood","Bag of Preparation","Kunai","Astrolabe","Art of War","Toxic Egg 2","Snecko Eye","Calipers","Strawberry"],"card_choices":[{"not_picked":["Warcry","Havoc"],"picked":"Armaments"},{"not_picked":["Hemokinesis","Twin Strike"],"picked":"Disarm"},{"not_picked":["Body Slam","Sword Boomerang"],"picked":"Inflame"},{"not_picked":["Reckless Charge","Anger"],"picked":"Battle Trance"},{"not_picked":["Clash","Wild Strike"],"picked":"Impervious"},{"not_picked":["Body Slam","Iron Wave"],"picked":"Shrug It Off"},{"not_picked":["Limit Break","Bludgeon"],"picked":"Barricade"},{"not_picked":["Wild Strike","Cleave"],"picked":"Ghostly Armor"},{"not_picked":["Metallicize","Twin Strike"],"picked":"Shrug It Off"},{"not_picked":["Burning Pact","Iron Wave"],"picked":"Heavy Blade"},{"not_picked":["Double Tap","Pummel"],"picked":"Body Slam"}],"player_experience":770018,"potions_floor_usage":[6,18,33,33,50,50,50],"damage_taken":[{"damage":0,"enemies":"Small Slimes","floor":1,"turns":5},{"damage":11,"enemies":"Cultist","floor":2,"turns":4},{"damage":4,"enemies":"Jaw Worm","floor":5,"turns":8},{"damage":36,"enemies":"3 Sentries","floor":6,"turns":10},{"damage":12,"enemies":"Looter","floor":10,"turns":4},{"damage":0,"enemies":"Blue Slaver","floor":12,"turns":5},{"damage":0,"enemies":"Red Slaver","floor":13,"turns":6},{"damage":16,"enemies":"Exordium Thugs","floor":14,"turns":4},{"damage":18,"enemies":"The Guardian","floor":16,"turns":11},{"damage":32,"enemies":"2 Thieves","floor":18,"turns":5},{"damage":3,"enemies":"Shell Parasite","floor":22,"turns":7},{"damage":6,"enemies":"Snake Plant","floor":24,"turns":6},{"damage":8,"enemies":"Snecko","floor":29,"turns":6},{"damage":0,"enemies":"Sentry and Sphere","floor":30,"turns":7},{"damage":7,"enemies":"Slaver and Parasite","floor":31,"turns":4},{"damage":30,"enemies":"Collector","floor":33,"turns":17},{"damage":0,"enemies":"Orb Walker","floor":35,"turns":3},{"damage":0,"enemies":"Flame Bruiser 1 Orb","floor":36,"turns":3},{"damage":0,"enemies":"Mysterious Sphere","floor":38,"turns":7},{"damage":0,"enemies":"Sphere and 2 Shapes","floor":39,"turns":6},{"damage":0,"enemies":"Spire Growth","floor":44,"turns":3},{"damage":0,"enemies":"3 Darklings","floor":45,"turns":3},{"damage":14,"enemies":"Sphere and 2 Shapes","floor":48,"turns":6},{"damage":7,"enemies":"Time Eater","floor":50,"turns":14}],"event_choices":[{"event_name":"Living Wall","player_choice":"Forget","floor":4,"damage_taken":0},{"event_name":"Upgrade Shrine","player_choice":"Upgraded","floor":8,"damage_taken":0},{"event_name":"Drug Dealer","player_choice":"Ignored","floor":19,"damage_taken":0},{"event_name":"Addict","player_choice":"Obtained Relic","floor":21,"damage_taken":0},{"event_name":"Forgotten Altar","player_choice":"Shed Blood","floor":28,"damage_taken":0},{"event_name":"Tomb of Lord Red Mask","player_choice":"Ignored","floor":37,"damage_taken":0},{"event_name":"Mysterious Sphere","player_choice":"Fight","floor":38,"damage_taken":0},{"event_name":"Winding Halls","player_choice":"Writhe","floor":46,"damage_taken":0}],"boss_relics":[{"not_picked":["Runic Cube","Calling Bell"],"picked":"Astrolabe"},{"not_picked":["Question Card","Lizard Tail"],"picked":"Snecko Eye"}],"potions_floor_spawned":[2,5,10,22,29,35,36,44,45],"seed_played":"-5568174112337051355","ascension_level":15,"is_trial":false}