{"path_per_floor":["M","?","M","M","M","E","R","E","T","R","E","M","$","$","R","B",null,"M","$","?","M","?","R","?","R","T","M","E","R","E","M","R","B",null,"M","?","?","$","M","E","R","E","T","R","?","R","?","B"],"character_chosen":"IRONCLAD","items_purchased":["Molten Egg 2","Limit Break","Shrug It Off","Shuriken"],"gold_per_floor":[16,16,35,49,65,92,92,122,422,422,455,467,29,29,29,102,102,114,39,39,49,49,49,49,49,72,90,116,116,151,162,162,234,234,246,246,246,5,23,51,51,85,85,85,85,85,85,85],"floor_reached":49,"campfire_rested":4,"playtime":2375,"current_hp_per_floor":[66,71,71,80,76,57,57,33,33,61,39,28,28,28,56,22,78,99,99,99,99,99,99,69,69,69,36,49,49,57,53,85,90,103,107,107,88,88,80,54,87,69,69,69,69,69,69,11],"items_purged":["Strike_R"],"gold":85,"score":1346,"play_id":"516fc0e1-5f29-48b3-820a-8292d739d0c3","local_time":"20180325221519","is_prod":false,"is_daily":false,"is_ascension_mode":true,"campfire_upgraded":6,"timestamp":1522008919,"path_taken":["M","?","M","M","M","E","R","E","T","R","E","?","?","$","R","BOSS","M","$","?","?","?","R","?","R","T","?","E","R","E","M","R","BOSS","M","?","?","$","M","E","R","E","T","R","?","R","?","BOSS"],"build_version":"2018-03-25","purchased_purges":1,"victory":true,"master_deck":["Strike_R","Strike_R","Strike_R","Defend_R","Defend_R","Defend_R","Defend_R","Bash+1","AscendersBane","Feed","Twin Strike","Inflame+1","Pommel Strike+1","Armaments+1","Evolve+1","Shrug It Off","Shrug It Off","Limit Break+1","Shrug It Off","Reaper+1","Power Through","Uppercut+1","Shrug It Off","Feel No Pain","Fiend Fire+1","Clothesline+1","Twin Strike+1","Offering","Havoc+1","Madness","Madness","Shrug It Off+1","Flame Barrier+1"],"max_hp_per_floor":[78,83,86,89,92,96,96,96,96,96,96,96,96,96,96,96,96,99,99,99,99,99,99,104,104,104,107,107,107,107,107,107,107,107,107,107,107,107,110,110,110,113,113,113,113,113,113,113],"relics":["Burning Blood","Bird Faced Urn","Omamori","Old Coin","Molten Egg 2","Snecko Eye","Nloth\u0027s Gift","Orichalcum","Ancient Tea Set","Ice Cream","Runic Dome","Shuriken","Pantograph","Blood Vial","Du-Vu Doll"],"card_choices":[{"not_picked":["Dark Embrace","Immolate"],"picked":"Feed","floor":0.0},{"not_picked":["Warcry","Carnage"],"picked":"Twin Strike","floor":1.0},{"not_picked":["Shrug It Off","Heavy Blade"],"picked":"Inflame","floor":3.0},{"not_picked":["Reckless Charge","Twin Strike"],"picked":"Pommel Strike","floor":4.0},{"not_picked":["Headbutt","Wild Strike"],"picked":"Armaments","floor":5.0},{"not_picked":["Dual Wield","Pommel Strike"],"picked":"Evolve","floor":8.0},{"not_picked":["Flame Barrier","Twin Strike"],"picked":"Shrug It Off","floor":11.0},{"not_picked":["Corruption","Brutality"],"picked":"Shrug It Off","floor":12.0},{"not_picked":["Offering","Barricade"],"picked":"Reaper","floor":16.0},{"not_picked":["Armaments","Havoc"],"picked":"Power Through","floor":18},{"not_picked":["Headbutt","Clash"],"picked":"Shrug It Off","floor":21},{"not_picked":["Wild Strike","Flex"],"picked":"Feel No Pain","floor":27},{"not_picked":["Pommel Strike","Blood for Blood"],"picked":"Fiend Fire","floor":28},{"not_picked":["Shrug It Off","Headbutt"],"picked":"Clothesline","floor":30},{"not_picked":["Barricade","Anger"],"picked":"Twin Strike","floor":31},{"not_picked":["Demon Form","Immolate"],"picked":"Offering","floor":33},{"not_picked":["Pummel","Bloodletting"],"picked":"Havoc","floor":35},{"not_picked":["Armaments","Flex"],"picked":"Shrug It Off","floor":40},{"not_picked":["Dual Wield","Rupture"],"picked":"Flame Barrier","floor":42}],"player_experience":862296,"potions_floor_usage":[27,33,40,42],"damage_taken":[{"damage":11.0,"enemies":"Jaw Worm","floor":1.0,"turns":5.0},{"damage":9.0,"enemies":"2 Louse","floor":3.0,"turns":3.0},{"damage":0.0,"enemies":"Small Slimes","floor":4.0,"turns":4.0},{"damage":13.0,"enemies":"Red Slaver","floor":5.0,"turns":4.0},{"damage":29.0,"enemies":"3 Sentries","floor":6.0,"turns":9.0},{"damage":32.0,"enemies":"Gremlin Nob","floor":8.0,"turns":4.0},{"damage":30.0,"enemies":"Lagavulin","floor":11.0,"turns":6.0},{"damage":19.0,"enemies":"Exordium Thugs","floor":12.0,"turns":5.0},{"damage":44.0,"enemies":"The Guardian","floor":16.0,"turns":17.0},{"damage":0,"enemies":"Chosen","floor":18,"turns":4},{"damage":2,"enemies":"Shell Parasite","floor":21,"turns":7},{"damage":46,"enemies":"3 Cultists","floor":27,"turns":7},{"damage":16,"enemies":"Book of Stabbing","floor":28,"turns":5},{"damage":24,"enemies":"Slavers","floor":30,"turns":7},{"damage":12,"enemies":"Snake Plant","floor":31,"turns":3},{"damage":40,"enemies":"Champ","floor":33,"turns":15},{"damage":4,"enemies":"Flame Bruiser 1 Orb","floor":35,"turns":2},{"damage":23,"enemies":"3 Darklings","floor":39,"turns":6},{"damage":39,"enemies":"2 Orb Walkers","floor":40,"turns":4},{"damage":31,"enemies":"Nemesis","floor":42,"turns":5},{"damage":107,"enemies":"Donu and Deca","floor":48,"turns":9}],"event_choices":[{"event_name":"Big Fish","player_choice":"Donut","floor":2.0,"damage_taken":0.0},{"event_name":"The Library","player_choice":"Read","floor":20,"damage_taken":0},{"event_name":"N\u0027loth","player_choice":"Traded a Ornamental Fan","floor":22,"damage_taken":0},{"event_name":"Forgotten Altar","player_choice":"Shed Blood","floor":24,"damage_taken":0},{"event_name":"Tomb of Lord Red Mask","player_choice":"Ignored","floor":36,"damage_taken":0},{"event_name":"Winding Halls","player_choice":"Embrace Madness","floor":37,"damage_taken":0},{"event_name":"SecretPortal","player_choice":"Took Portal.","floor":47,"damage_taken":0}],"boss_relics":[{"not_picked":["Black Blood","White Beast Statue"],"picked":"Snecko Eye"},{"not_picked":["Runic Pyramid","Orrery"],"picked":"Runic Dome"}],"potions_floor_spawned":[4,5,6,21,31,35,39],"seed_played":"-3331739236734374836","ascension_level":15,"is_trial":false}