{"path_per_floor":["M","M","?","?","$","R","E","?","T","E","M","R","E","M","R","B",null,"M","M","$","$","?","E","?","R","T","R","E","M","M","$","R","B",null,"M","?","?","$","M","R","E","R","T","?","E","M","E"],"character_chosen":"THE_SILENT","items_purchased":["Bronze Scales","Letter Opener","Noxious Fumes"],"gold_per_floor":[116,136,86,86,11,11,46,46,46,73,89,89,116,132,132,227,227,242,259,15,15,15,42,42,42,42,42,377,388,406,19,19,123,123,135,135,135,60,72,72,102,102,102,102,129,142,172],"floor_reached":48,"campfire_rested":1,"playtime":2989,"current_hp_per_floor":[70,70,70,63,63,63,58,70,70,69,69,69,64,64,64,23,70,69,64,64,64,64,54,54,54,54,54,43,43,43,43,64,54,70,70,70,70,70,68,68,62,62,62,62,47,29,32],"items_purged":["Strike_G","Strike_G","Strike_G"],"gold":172,"score":548,"play_id":"67199dcd-89a3-43d1-ba67-a3afa4e8ca05","is_prod":false,"is_daily":false,"is_ascension_mode":true,"campfire_upgraded":7,"path_taken":["M","M","?","?","$","R","E","?","T","E","M","R","E","?","R","BOSS","M","?","?","$","?","E","?","R","T","R","E","M","M","$","R","BOSS","M","?","?","$","?","R","E","R","T","?","E","M","E","?"],"build_version":"2018-02-15-PROD1","purchased_purges":3,"victory":false,"master_deck":["Defend_G","Defend_G","Defend_G","Defend_G","Strike_G","Survivor","Neutralize+1","Glass Knife+1","Poisoned Stab+1","Deadly Poison+1","After Image+1","Dagger Spray+1","Deflect","Escape Plan","Dagger Throw+1","Deadly Poison+1","Caltrops+1","Envenom+1","Well Laid Plans+1","Trip+1","Noxious Fumes+1","Catalyst+1","Caltrops+1","Writhe"],"max_hp_per_floor":[70,70,70,70,70,70,70,70,70,70,70,70,70,70,70,70,70,70,70,70,70,70,70,70,70,70,70,70,70,70,70,70,70,70,70,70,70,70,70,70,70,70,70,70,70,70,70],"relics":["Ring of the Snake","Paper Crane","Frozen Egg 2","Mummified Hand","Sundial","Lizard Tail","Bronze Scales","Dodecahedron","Gremlin Horn","Old Coin","Letter Opener","Cursed Key","Dream Catcher","Girya","Regal Pillow","Bag of Preparation","Frozen Eye"],"card_choices":[{"not_picked":["Flying Knee","Bane"],"picked":"Poisoned Stab"},{"not_picked":["Slice","Predator"],"picked":"Deadly Poison"},{"not_picked":["Heel Hook","Adrenaline"],"picked":"After Image"},{"not_picked":["Endless Agony","Prepared"],"picked":"Dagger Spray"},{"not_picked":["Endless Agony","Blur"],"picked":"Deflect"},{"not_picked":["Prepared","Deadly Poison"],"picked":"Escape Plan"},{"not_picked":["Escape Plan","Footwork"],"picked":"Dagger Throw"},{"not_picked":["Terror","Dodge and Roll"],"picked":"Deadly Poison"},{"not_picked":["All Out Attack","Distraction"],"picked":"Caltrops"},{"not_picked":["Choke","Riddle With Holes"],"picked":"Blur"},{"not_picked":["Glass Knife","Tools of the Trade"],"picked":"Envenom"},{"not_picked":["Escape Plan","Bouncing Flask"],"picked":"Well Laid Plans"},{"not_picked":["Caltrops","Slice"],"picked":"Catalyst"},{"not_picked":["Slice","Dagger Spray"],"picked":"Caltrops"}],"player_experience":31001,"potions_floor_usage":[7,28,28,28,45,45,45],"damage_taken":[{"damage":0,"enemies":"Jaw Worm","floor":1,"turns":3},{"damage":0,"enemies":"Small Slimes","floor":2,"turns":2},{"damage":5,"enemies":"Gremlin Nob","floor":7,"turns":3},{"damage":1,"enemies":"Lagavulin","floor":10,"turns":6},{"damage":0,"enemies":"2 Louse","floor":11,"turns":2},{"damage":5,"enemies":"Gremlin Nob","floor":13,"turns":5},{"damage":0,"enemies":"Looter","floor":14,"turns":3},{"damage":41,"enemies":"Slime Boss","floor":16,"turns":13},{"damage":1,"enemies":"Shell Parasite","floor":18,"turns":6},{"damage":5,"enemies":"Spheric Guardian","floor":19,"turns":4},{"damage":10,"enemies":"Book of Stabbing","floor":23,"turns":5},{"damage":23,"enemies":"Slavers","floor":28,"turns":4},{"damage":0,"enemies":"Centurion and Healer","floor":29,"turns":4},{"damage":0,"enemies":"Sentry and Sphere","floor":30,"turns":4},{"damage":10,"enemies":"Collector","floor":33,"turns":8},{"damage":0,"enemies":"Orb Walker","floor":35,"turns":3},{"damage":2,"enemies":"3 Darklings","floor":39,"turns":4},{"damage":6,"enemies":"Giant Head","floor":41,"turns":6},{"damage":15,"enemies":"2 Orb Walkers","floor":45,"turns":4},{"damage":18,"enemies":"4 Shapes","floor":46,"turns":4},{"damage":35,"enemies":"Nemesis","floor":47,"turns":5},{"damage":34,"enemies":"Sphere and 2 Shapes","floor":48,"turns":3}],"event_choices":[{"event_name":"The Cleric","player_choice":"Card Removal","floor":3,"damage_taken":0},{"event_name":"Golden Wing","player_choice":"Card Removal","floor":4,"damage_taken":0},{"event_name":"Big Fish","player_choice":"Banana","floor":8,"damage_taken":0},{"event_name":"Vampires","player_choice":"Ignored","floor":22,"damage_taken":0},{"event_name":"Accursed Blacksmith","player_choice":"Forge","floor":24,"damage_taken":0},{"event_name":"Match and Keep!","player_choice":"1 cards matched","floor":37,"damage_taken":0},{"event_name":"Wheel of Change","player_choice":"Relic","floor":44,"damage_taken":0}],"boss_relics":[{"not_picked":["Philosopher\u0027s Stone","Calling Bell"],"picked":"Lizard Tail"},{"not_picked":["Orrery","Tiny House"],"picked":"Cursed Key"}],"potions_floor_spawned":[2,14,16,23,28,39,41],"seed_played":"-1555757290484804323","killed_by":"Sphere and 2 Shapes","ascension_level":1,"is_trial":false}