{"path_per_floor":["M","M","?","$","M","E","R","?","T","E","?","M","R","$","R","B",null,"M","M","M","M"],"character_chosen":"THE_SILENT","items_purchased":["Bandage Up"],"gold_per_floor":[109,128,78,3,16,47,47,47,47,79,79,94,94,2,2,98,98,109,127,138,155],"floor_reached":22,"campfire_rested":2,"playtime":1638,"current_hp_per_floor":[63,63,63,63,63,52,52,52,52,40,28,28,49,49,70,16,57,41,29,21,12],"items_purged":["Strike_G"],"gold":155,"score":265,"play_id":"08fc9b86-c65d-4532-b1c0-8f9adbd07e3b","is_prod":false,"is_daily":false,"is_ascension_mode":true,"campfire_upgraded":1,"path_taken":["M","M","?","?","?","E","R","?","T","E","?","M","R","$","R","BOSS","M","?","?","M","?"],"build_version":"2018-02-15-PROD1","purchased_purges":1,"victory":false,"master_deck":["Survivor","Neutralize+1","Flying Knee","Blade Dance","Dash","Noxious Fumes","Dagger Spray","Dagger Throw","After Image","Bandage Up","Poisoned Stab","After Image","Prepared","Outmaneuver","Dagger Throw","Outmaneuver","Quick Slash","Dagger Spray","Poisoned Stab","Cloak And Dagger+1","Finisher","Deflect"],"max_hp_per_floor":[70,70,70,70,70,70,70,70,70,70,70,70,70,70,70,70,70,70,70,70,70],"relics":["Ring of the Snake","NeowsBlessing","Omamori","Calipers","Dream Catcher","Mummified Hand","Pandora\u0027s Box"],"card_choices":[{"not_picked":["Distraction","Slice"],"picked":"Flying Knee"},{"not_picked":["Dagger Throw","Sucker Punch"],"picked":"Blade Dance"},{"not_picked":["Infinite Blades","Eviscerate"],"picked":"Dash"},{"not_picked":["Flechettes","Deadly Poison"],"picked":"Dagger Spray"},{"not_picked":["Bane","Cloak And Dagger"],"picked":"Dagger Throw"},{"not_picked":["Underhanded Strike","Slice"],"picked":"After Image"},{"not_picked":["Deflect","Eviscerate"],"picked":"Poisoned Stab"},{"not_picked":["Corpse Explosion","Die Die Die"],"picked":"After Image"},{"not_picked":["Choke","Underhanded Strike"],"picked":"Cloak And Dagger"},{"not_picked":["Prepared","Malaise"],"picked":"Finisher"},{"not_picked":["Deadly Poison","Dash"],"picked":"Deflect"}],"player_experience":209402,"potions_floor_usage":[6,6,12,20,21],"damage_taken":[{"damage":0,"enemies":"2 Louse","floor":1,"turns":1},{"damage":0,"enemies":"Small Slimes","floor":2,"turns":1},{"damage":0,"enemies":"Jaw Worm","floor":5,"turns":1},{"damage":11,"enemies":"3 Sentries","floor":6,"turns":9},{"damage":12,"enemies":"Gremlin Nob","floor":10,"turns":5},{"damage":0,"enemies":"Exordium Thugs","floor":12,"turns":4},{"damage":58,"enemies":"Slime Boss","floor":16,"turns":11},{"damage":20,"enemies":"2 Thieves","floor":18,"turns":4},{"damage":16,"enemies":"Chosen","floor":19,"turns":5},{"damage":12,"enemies":"Centurion and Healer","floor":20,"turns":8},{"damage":13,"enemies":"Snecko","floor":21,"turns":5},{"damage":17,"enemies":"Slaver and Parasite","floor":22,"turns":2}],"event_choices":[{"event_name":"The Cleric","player_choice":"Card Removal","floor":3,"damage_taken":0},{"event_name":"Transmorgrifier","player_choice":"Transform","floor":8,"damage_taken":0},{"event_name":"Scrap Ooze","player_choice":"success","floor":11,"damage_taken":12}],"boss_relics":[{"not_picked":["Question Card","Calling Bell"],"picked":"Pandora\u0027s Box"}],"potions_floor_spawned":[1,5,6,19,20],"seed_played":"-7666486016396150882","killed_by":"Slaver and Parasite","ascension_level":7,"is_trial":false}