{"path_per_floor":["M","?","?","M","M","R","?","$","T","M","M","R","M","M","R","B",null,"M","?","M","?","$","E","$","R","T","$","R","M","?","M","R","B",null,"M","$","T","M","?"],"character_chosen":"THE_SILENT","items_purchased":["Cloak And Dagger","Lee\u0027s Waffle"],"gold_per_floor":[111,111,111,122,138,138,138,11,36,54,67,67,81,100,100,198,198,214,244,264,264,57,91,41,41,66,16,16,34,34,53,53,151,151,169,119,119,133,133],"floor_reached":40,"campfire_rested":2,"playtime":4520,"current_hp_per_floor":[63,56,43,43,43,43,43,43,43,36,33,51,51,46,46,22,63,60,60,52,52,70,52,52,58,58,58,64,63,63,27,54,16,70,68,68,68,68,68],"items_purged":["Defend_G","Strike_G","Defend_G","Strike_G"],"gold":133,"score":415,"play_id":"de7ff928-80bf-469d-b2fd-d4e3c81b546b","is_prod":false,"is_daily":false,"is_ascension_mode":true,"campfire_upgraded":1,"path_taken":["M","?","?","M","M","R","?","?","T","M","M","R","?","M","R","BOSS","M","?","M","?","$","E","?","R","T","$","R","M","?","M","R","BOSS","M","$","?","M","?","E"],"build_version":"2018-02-15-PROD1","purchased_purges":4,"victory":false,"master_deck":["Defend_G","Defend_G+1","Strike_G+1","Strike_G","Survivor","Neutralize","Prepared","Caltrops+1","Cloak And Dagger+1","Backflip","Well Laid Plans","Tools of the Trade","Footwork","Flying Knee","Deadly Poison+1","Prepared","Envenom","Cloak And Dagger+1","Deadly Poison+1","Prepared","Backflip+1"],"max_hp_per_floor":[63,63,63,63,63,63,63,63,63,63,63,63,63,63,63,63,63,63,63,63,63,70,70,70,70,70,70,70,70,70,70,70,70,70,70,70,70,70,70],"relics":["Ring of the Snake","Girya","Oddly Smooth Stone","Eternal Feather","Tiny Chest","Lee\u0027s Waffle","Smiling Mask","Bronze Scales","Orrery","Matryoshka"],"card_choices":[{"not_picked":["Dash","Predator"],"picked":"Prepared"},{"not_picked":["Catalyst","Deadly Poison"],"picked":"Caltrops"},{"not_picked":["Footwork","Catalyst"],"picked":"Backflip"},{"not_picked":["Heel Hook","Flying Knee"],"picked":"Well Laid Plans"},{"not_picked":["Doppelganger","Die Die Die"],"picked":"Tools of the Trade"},{"not_picked":["Finisher","Underhanded Strike"],"picked":"Footwork"},{"not_picked":["Deflect","Expertise"],"picked":"Flying Knee"},{"not_picked":["Bane","Poisoned Stab"],"picked":"Deadly Poison"},{"not_picked":["Bane","Choke"],"picked":"Prepared"},{"not_picked":["Phantasmal Killer","Doppelganger"],"picked":"Envenom"},{"not_picked":["Bane","Prepared"],"picked":"Cloak And Dagger"},{"not_picked":["Bane","Poisoned Stab"],"picked":"Deadly Poison"},{"not_picked":["Dagger Throw","Bullet Time"],"picked":"Prepared"},{"not_picked":["Dagger Throw","Expertise"],"picked":"Backflip"}],"player_experience":92208,"potions_floor_usage":[10,10,20,23,23,33,38],"damage_taken":[{"damage":0,"enemies":"2 Louse","floor":1,"turns":3},{"damage":0,"enemies":"Jaw Worm","floor":4,"turns":4},{"damage":0,"enemies":"Cultist","floor":5,"turns":4},{"damage":7,"enemies":"3 Louse","floor":10,"turns":3},{"damage":3,"enemies":"2 Fungi Beasts","floor":11,"turns":3},{"damage":0,"enemies":"Looter","floor":13,"turns":3},{"damage":5,"enemies":"Gremlin Gang","floor":14,"turns":5},{"damage":24,"enemies":"Slime Boss","floor":16,"turns":12},{"damage":3,"enemies":"3 Byrds","floor":18,"turns":1},{"damage":8,"enemies":"Chosen","floor":20,"turns":9},{"damage":18,"enemies":"Book of Stabbing","floor":23,"turns":7},{"damage":1,"enemies":"3 Cultists","floor":29,"turns":5},{"damage":36,"enemies":"Cultist and Chosen","floor":31,"turns":7},{"damage":38,"enemies":"Champ","floor":33,"turns":15},{"damage":2,"enemies":"Orb Walker","floor":35,"turns":4},{"damage":0,"enemies":"3 Shapes","floor":38,"turns":5},{"damage":77,"enemies":"2 Orb Walkers","floor":40,"turns":5}],"event_choices":[{"event_name":"Golden Wing","player_choice":"Card Removal","floor":2,"damage_taken":0},{"event_name":"Shining Light","player_choice":"Entered Light","floor":3,"damage_taken":0},{"event_name":"Accursed Blacksmith","player_choice":"Forge","floor":7,"damage_taken":0},{"event_name":"The Mausoleum","player_choice":"Yes","floor":19,"damage_taken":0},{"event_name":"Back to Basics","player_choice":"Elegance","floor":21,"damage_taken":0},{"event_name":"Beggar","player_choice":"Ignored","floor":30,"damage_taken":0}],"boss_relics":[{"not_picked":["White Beast Statue","The Specimen"],"picked":"Eternal Feather"},{"not_picked":["Velvet Choker","Runic Dome"],"picked":"Orrery"}],"potions_floor_spawned":[4,5,10,18,20,29,33],"seed_played":"-6537626155932690706","killed_by":"2 Orb Walkers","ascension_level":4,"is_trial":false}