{"path_per_floor":["M","M","M","?","T","R","E","R","T","E","$","R","?","M","R","B",null,"M","$","?","M","M"],"character_chosen":"THE_SILENT","items_purchased":["Backflip","Oddly Smooth Stone"],"gold_per_floor":[13,29,43,43,69,69,98,98,148,174,51,51,51,61,61,163,163,181,24,24,27,38],"floor_reached":23,"campfire_rested":2,"playtime":1468,"current_hp_per_floor":[63,63,62,55,55,55,43,64,64,44,44,70,70,60,60,30,60,45,45,45,29,6],"items_purged":["Defend_G"],"gold":38,"score":269,"play_id":"dbc68754-0d28-4d9f-8f9d-666a2ecfb3fb","is_prod":false,"is_daily":false,"is_ascension_mode":true,"campfire_upgraded":2,"path_taken":["M","M","M","?","?","R","E","R","T","E","$","R","?","M","R","BOSS","M","?","?","M","?","E"],"build_version":"2018-02-15-PROD1","purchased_purges":1,"victory":false,"master_deck":["Defend_G","Defend_G","Defend_G","Strike_G","Strike_G","Strike_G","Survivor","Neutralize+1","Noxious Fumes+1","Deadly Poison","Dagger Spray","Poisoned Stab","Calculated Gamble","Backflip","Envenom","Neutralize","Finisher","Deadly Poison","Tools of the Trade","Backflip","Noxious Fumes+1","Bouncing Flask+1"],"max_hp_per_floor":[70,70,70,70,70,70,70,70,70,70,70,70,70,70,70,70,70,70,70,70,70,70],"relics":["Ring of the Snake","Omamori","Frozen Eye","Regal Pillow","Ancient Tea Set","Black Star","Oddly Smooth Stone"],"card_choices":[{"not_picked":["Underhanded Strike","Dodge and Roll"],"picked":"Noxious Fumes"},{"not_picked":["Burst","Sucker Punch"],"picked":"Deadly Poison"},{"not_picked":["Caltrops","Acrobatics"],"picked":"Dagger Spray"},{"not_picked":["Reflex","After Image"],"picked":"Poisoned Stab"},{"not_picked":["Accuracy","Backflip"],"picked":"Calculated Gamble"},{"not_picked":["Blur","Deflect"],"picked":"Deadly Poison"},{"not_picked":["After Image","Night Terror"],"picked":"Tools of the Trade"},{"not_picked":["Bane","Setup"],"picked":"Backflip"},{"not_picked":["Bane","Sucker Punch"],"picked":"Bouncing Flask"}],"player_experience":193373,"potions_floor_usage":[2,7,16,18,22],"damage_taken":[{"damage":0,"enemies":"2 Louse","floor":1,"turns":4},{"damage":0,"enemies":"Small Slimes","floor":2,"turns":2},{"damage":1,"enemies":"Jaw Worm","floor":3,"turns":4},{"damage":12,"enemies":"Gremlin Nob","floor":7,"turns":4},{"damage":20,"enemies":"3 Sentries","floor":10,"turns":7},{"damage":10,"enemies":"Exordium Thugs","floor":14,"turns":4},{"damage":30,"enemies":"Slime Boss","floor":16,"turns":7},{"damage":15,"enemies":"Chosen","floor":18,"turns":5},{"damage":16,"enemies":"2 Thieves","floor":21,"turns":4},{"damage":23,"enemies":"Centurion and Healer","floor":22,"turns":6},{"damage":9,"enemies":"Slavers","floor":23,"turns":1}],"event_choices":[{"event_name":"Golden Wing","player_choice":"Card Removal","floor":4,"damage_taken":0},{"event_name":"Match and Keep!","player_choice":"3 cards matched","floor":13,"damage_taken":0},{"event_name":"Duplicator","player_choice":"One dupe","floor":20,"damage_taken":0}],"boss_relics":[{"not_picked":["Snecko Eye","Runic Dome"],"picked":"Black Star"}],"potions_floor_spawned":[1,3,10,16,21],"seed_played":"-7877775729826620154","killed_by":"Slavers","ascension_level":7,"is_trial":false}