{"path_per_floor":["M","M","T","M","$","R","?","R","T","$","M","R","$","M","R","B",null,"M","M","?","$","M","R","?","M","T","E","M","M","M","?","R","B",null,"M","?","M","?","$","M","M","$","T","M","R","E","R","M","R","B"],"character_chosen":"THE_SILENT","items_purchased":["Footwork","Eviscerate","Eviscerate","Gambling Chip"],"gold_per_floor":[111,130,130,142,39,39,39,39,39,39,57,57,57,74,74,169,169,180,191,191,39,59,59,59,79,157,185,199,214,227,227,227,323,323,342,342,361,361,75,95,108,8,79,91,91,120,120,131,131,131],"floor_reached":51,"campfire_rested":3,"playtime":3425,"current_hp_per_floor":[68,68,68,68,68,68,68,68,68,68,70,70,70,70,70,44,70,50,52,52,52,58,58,58,60,60,55,57,54,60,44,65,44,70,39,39,51,51,51,48,46,46,46,47,68,43,64,70,70,48],"items_purged":["Decay","Slice"],"gold":131,"score":666,"play_id":"01fedd8e-086a-4927-bf07-e5aad34f3320","local_time":"20180319102058","is_prod":false,"is_daily":false,"is_ascension_mode":false,"campfire_upgraded":6,"timestamp":1521480058,"path_taken":["M","M","?","M","$","R","?","R","T","$","?","R","$","M","R","BOSS","M","M","?","$","M","R","?","M","T","E","M","M","M","?","R","BOSS","M","?","?","?","$","M","M","$","T","?","R","E","R","M","R","BOSS"],"build_version":"2018-03-16","purchased_purges":2,"victory":true,"master_deck":["Survivor","Neutralize+1","Backflip+1","Footwork+1","Eviscerate+1","Envenom+1","Doppelganger","Prepared+1","Sucker Punch","Masterful Stab","Slice","Blur","Quick Slash","Accuracy+1","Backflip","Outmaneuver","Terror","Eviscerate+1","Dash","Predator","Predator+1","A Thousand Cuts+1","Riddle With Holes+1","Calculated Gamble+1"],"max_hp_per_floor":[70,70,70,70,70,70,70,70,70,70,70,70,70,70,70,70,70,70,70,70,70,70,70,70,70,70,70,70,70,70,70,70,70,70,70,70,70,70,70,70,70,70,70,70,70,70,70,70,70,70],"relics":["Snecko Eye","Bird Faced Urn","Frozen Egg 2","Pandora\u0027s Box","Kunai","Omamori","Nilry\u0027s Codex","Black Star","Gambling Chip","Tough Bandages","Torii","Ginger"],"card_choices":[{"not_picked":["Prepared","Dodge and Roll"],"picked":"Backflip"},{"not_picked":["Cloak And Dagger","Sucker Punch"],"picked":"Envenom"},{"not_picked":["Glass Knife","After Image"],"picked":"Doppelganger"},{"not_picked":["Dagger Throw","Dagger Spray"],"picked":"Terror"},{"not_picked":["Dodge and Roll","Expertise"],"picked":"Dash"},{"not_picked":["Bane","Backstab"],"picked":"Predator"},{"not_picked":["Unload","Tools of the Trade"],"picked":"A Thousand Cuts"},{"not_picked":["Malaise","Deflect"],"picked":"Riddle With Holes"},{"not_picked":["Masterful Stab","Poisoned Stab"],"picked":"Calculated Gamble"}],"player_experience":157954,"potions_floor_usage":[16,25,27,28,29,41,41,44,50,50],"damage_taken":[{"damage":2,"enemies":"Cultist","floor":1,"turns":5},{"damage":0,"enemies":"2 Louse","floor":2,"turns":3},{"damage":0,"enemies":"Jaw Worm","floor":4,"turns":5},{"damage":0,"enemies":"Lots of Slimes","floor":11,"turns":6},{"damage":0,"enemies":"Blue Slaver","floor":14,"turns":2},{"damage":28,"enemies":"Hexaghost","floor":16,"turns":12},{"damage":24,"enemies":"2 Thieves","floor":18,"turns":5},{"damage":0,"enemies":"Shell Parasite","floor":19,"turns":4},{"damage":0,"enemies":"3 Cultists","floor":22,"turns":6},{"damage":2,"enemies":"Snake Plant","floor":25,"turns":4},{"damage":11,"enemies":"Book of Stabbing","floor":27,"turns":6},{"damage":0,"enemies":"Chosen and Byrds","floor":28,"turns":3},{"damage":9,"enemies":"Centurion and Healer","floor":29,"turns":7},{"damage":0,"enemies":"3 Cultists","floor":30,"turns":5},{"damage":27,"enemies":"Champ","floor":33,"turns":8},{"damage":35,"enemies":"Flame Bruiser 1 Orb","floor":35,"turns":3},{"damage":0,"enemies":"3 Shapes","floor":37,"turns":6},{"damage":7,"enemies":"Spire Growth","floor":40,"turns":3},{"damage":10,"enemies":"Flame Bruiser 2 Orb","floor":41,"turns":3},{"damage":7,"enemies":"3 Darklings","floor":44,"turns":3},{"damage":27,"enemies":"2 Orb Walkers","floor":46,"turns":5},{"damage":1,"enemies":"4 Shapes","floor":48,"turns":7},{"damage":22,"enemies":"Awakened One","floor":50,"turns":14}],"event_choices":[{"event_name":"Liars Game","player_choice":"disagreed","floor":7,"damage_taken":0},{"event_name":"Forgotten Altar","player_choice":"Smashed Altar","floor":20,"damage_taken":0},{"event_name":"The Library","player_choice":"Read","floor":24,"damage_taken":0},{"event_name":"Cursed Tome","player_choice":"Obtained Book","floor":31,"damage_taken":0},{"event_name":"Mysterious Sphere","player_choice":"Ignore","floor":36,"damage_taken":0},{"event_name":"Tomb of Lord Red Mask","player_choice":"Ignored","floor":38,"damage_taken":0}],"boss_relics":[{"not_picked":["Runic Pyramid","Velvet Choker"],"picked":"Pandora\u0027s Box"},{"not_picked":["Philosopher\u0027s Stone","White Beast Statue"],"picked":"Black Star"}],"potions_floor_spawned":[11,14,25,27,28,29,30,40,41,48],"seed_played":"7923486491010224932","ascension_level":0,"is_trial":false}