{"path_per_floor":["M","?","M","?","$","R","?","T","T","R","E","M","R","M","R","B",null,"M","$","M","?","?","E","$","R","T","?","M","R","M","M","R","B",null,"M","?","?","$","?","R","M","M","T","M","M","R","M","M","R","B"],"character_chosen":"THE_SILENT","items_purchased":["Lantern","Footwork","Torii","Calculated Gamble","Adrenaline"],"gold_per_floor":[109,109,129,129,54,54,54,54,81,81,122,146,146,161,161,285,285,301,79,103,18,0,336,7,7,34,34,57,57,71,90,90,220,220,245,245,245,10,10,10,31,46,99,119,138,138,163,177,177,177],"floor_reached":51,"campfire_rested":2,"playtime":4448,"current_hp_per_floor":[69,52,52,38,38,38,31,31,31,67,50,50,50,50,50,28,70,70,70,70,70,70,59,59,59,59,59,56,56,44,40,76,40,76,75,75,75,75,75,75,67,69,69,71,71,71,73,73,73,38],"items_purged":["Strike_G","Envenom"],"gold":177,"score":642,"play_id":"db481e37-6dec-43cf-aa3f-55e4ff179050","local_time":"20180327013130","is_prod":false,"is_daily":false,"is_ascension_mode":false,"campfire_upgraded":8,"timestamp":1522139490,"path_taken":["M","?","M","?","$","R","?","?","T","R","E","M","R","?","R","BOSS","M","$","M","?","?","E","$","R","T","?","?","R","M","M","R","BOSS","M","?","?","$","?","R","M","M","T","M","?","R","?","M","R","BOSS"],"build_version":"2018-03-25","purchased_purges":2,"victory":true,"master_deck":["Defend_G","Defend_G","Defend_G+1","Defend_G","Strike_G+1","Survivor","Neutralize+1","Finisher+1","Backflip+1","Dagger Spray+1","Terror+1","After Image","Footwork+1","Calculated Gamble+1","Blur+1","Burst+1","Flechettes+1","Setup+1","Choke+1","Prepared+1","Adrenaline+1","Quick Slash+1","Backflip+1","Backflip+1"],"max_hp_per_floor":[70,70,70,70,70,70,70,70,70,70,70,70,70,70,70,70,70,70,70,70,70,70,72,72,72,72,72,74,74,74,76,76,76,76,76,76,76,76,76,76,76,78,78,80,80,80,82,82,82,82],"relics":["Ring of the Snake","Golden Idol","Bronze Scales","Centennial Puzzle","Regal Pillow","Whetstone","Cursed Key","Lantern","Singing Bowl","Old Coin","Torii","Omamori","Astrolabe","Tiny Chest"],"card_choices":[{"not_picked":["Slice","Endless Agony"],"picked":"Finisher","floor":1},{"not_picked":["Bane","Blur"],"picked":"Backflip","floor":3},{"not_picked":["Concentrate","Flying Knee"],"picked":"Dagger Spray","floor":11},{"not_picked":["Blur","Bouncing Flask"],"picked":"Terror","floor":12},{"not_picked":["Tools of the Trade","Doppelganger"],"picked":"After Image","floor":16},{"not_picked":["Dagger Spray","Acrobatics"],"picked":"Blur","floor":30},{"not_picked":["Die Die Die","Phantasmal Killer"],"picked":"Burst","floor":33},{"not_picked":["Accuracy","Catalyst"],"picked":"Prepared","floor":35},{"not_picked":["Deflect","Poisoned Stab"],"picked":"Quick Slash","floor":41},{"not_picked":["Dodge and Roll","Quick Slash"],"picked":"Backflip","floor":45},{"not_picked":["Flechettes","Acrobatics"],"picked":"Backflip","floor":48}],"player_experience":176356,"potions_floor_usage":[11,18,50,50,50],"damage_taken":[{"damage":1,"enemies":"Jaw Worm","floor":1,"turns":5},{"damage":0,"enemies":"Small Slimes","floor":3,"turns":3},{"damage":17,"enemies":"Gremlin Nob","floor":11,"turns":5},{"damage":0,"enemies":"2 Louse","floor":12,"turns":2},{"damage":0,"enemies":"Blue Slaver","floor":14,"turns":3},{"damage":22,"enemies":"Slime Boss","floor":16,"turns":8},{"damage":0,"enemies":"2 Thieves","floor":18,"turns":3},{"damage":0,"enemies":"3 Byrds","floor":20,"turns":3},{"damage":13,"enemies":"Book of Stabbing","floor":23,"turns":4},{"damage":5,"enemies":"Snake Plant","floor":28,"turns":4},{"damage":12,"enemies":"Slaver and Parasite","floor":30,"turns":6},{"damage":6,"enemies":"Snecko","floor":31,"turns":5},{"damage":36,"enemies":"Champ","floor":33,"turns":17},{"damage":1,"enemies":"Orb Walker","floor":35,"turns":3},{"damage":8,"enemies":"3 Darklings","floor":41,"turns":3},{"damage":0,"enemies":"4 Shapes","floor":42,"turns":7},{"damage":0,"enemies":"Maw","floor":44,"turns":6},{"damage":0,"enemies":"Spire Growth","floor":45,"turns":4},{"damage":0,"enemies":"4 Shapes","floor":47,"turns":7},{"damage":0,"enemies":"Sphere and 2 Shapes","floor":48,"turns":6},{"damage":50,"enemies":"Time Eater","floor":50,"turns":16}],"event_choices":[{"event_name":"Golden Idol","player_choice":"Take Damage","floor":2,"damage_taken":0},{"event_name":"Shining Light","player_choice":"Entered Light","floor":4,"damage_taken":0},{"event_name":"Scrap Ooze","player_choice":"success","floor":7,"damage_taken":7},{"event_name":"Addict","player_choice":"Obtained Relic","floor":21,"damage_taken":0},{"event_name":"Masked Bandits","player_choice":"Paid Bandits 18 gold","floor":22,"damage_taken":0},{"event_name":"Ghosts","player_choice":"Ignored","floor":27,"damage_taken":0},{"event_name":"Purifier","player_choice":"One Purge","floor":36,"damage_taken":0},{"event_name":"Transmorgrifier","player_choice":"Transform","floor":37,"damage_taken":0},{"event_name":"Mysterious Sphere","player_choice":"Ignore","floor":39,"damage_taken":0}],"boss_relics":[{"not_picked":["Question Card","Eternal Feather"],"picked":"Cursed Key"},{"not_picked":["Sozu","Snecko Eye"],"picked":"Astrolabe"}],"potions_floor_spawned":[3,11,18,23,30,33,41,44,45,47],"seed_played":"2355205743730538943","ascension_level":0,"is_trial":false}