{"path_per_floor":["M","?","M","$","?","E","?","E","T","?","R","E","$","M","R","B",null,"M","$","?","M","?","R","?","R","T","M","M","$","M","?","R","B",null,"M","?","$","?","$","R","?"],"character_chosen":"THE_SILENT","items_purchased":["Backflip","Prepared","Dash"],"gold_per_floor":[116,116,129,28,28,61,61,105,175,175,175,214,60,81,81,204,204,228,103,103,116,41,41,41,41,41,56,79,45,70,70,70,199,199,217,217,67,67,67,67,67,67],"floor_reached":42,"campfire_rested":1,"playtime":1429,"current_hp_per_floor":[70,70,70,70,53,53,58,41,41,41,41,40,40,40,40,44,75,70,70,70,70,70,70,70,70,70,47,47,47,47,47,69,42,75,67,67,67,58,58,58,58,0],"items_purged":["Strike_G","Strike_G","Strike_G","Caltrops"],"gold":67,"score":483,"play_id":"b99f323a-296d-44bf-b0d1-3e0e91976d78","local_time":"20180331141625","is_prod":false,"is_daily":false,"is_ascension_mode":false,"campfire_upgraded":5,"timestamp":1522530985,"path_taken":["M","?","?","$","?","E","?","E","T","?","R","E","?","M","R","BOSS","M","$","?","?","?","R","?","R","T","M","M","?","?","?","R","BOSS","M","?","$","?","?","R","?","BOSS"],"build_version":"2018-03-29","purchased_purges":4,"victory":false,"master_deck":["Defend_G","Defend_G","Defend_G","Defend_G","Defend_G","Strike_G","Survivor","Neutralize","Bouncing Flask+1","Backflip","Prepared","Noxious Fumes+1","Neutralize+1","Prepared","Deadly Poison+1","Bullet Time","Footwork","Dash","Calculated Gamble","Catalyst+1","Bouncing Flask+1","Madness","Madness"],"max_hp_per_floor":[70,70,70,70,70,70,75,75,75,75,75,75,75,75,75,75,75,75,75,75,75,75,75,75,75,75,75,75,75,75,75,75,75,75,75,75,75,75,75,75,75,75],"relics":["Ring of the Snake","NeowsBlessing","Golden Idol","Unceasing Top","Happy Flower","Meat on the Bone","Matryoshka","Snecko Eye","Orichalcum","Dream Catcher","Dead Branch","Sozu"],"card_choices":[{"not_picked":["Underhanded Strike","Poisoned Stab"],"picked":"Caltrops","floor":1},{"not_picked":["Dodge and Roll","Slice"],"picked":"Bouncing Flask","floor":3},{"not_picked":["Blade Dance","Poisoned Stab"],"picked":"Prepared","floor":6},{"not_picked":["Quick Slash","Dagger Throw"],"picked":"Noxious Fumes","floor":8},{"not_picked":["Caltrops","Slice"],"picked":"Deadly Poison","floor":14},{"not_picked":["Tools of the Trade","Unload"],"picked":"Bullet Time","floor":16},{"not_picked":["PiercingWail","Caltrops"],"picked":"Footwork","floor":27},{"not_picked":["Caltrops","Footwork"],"picked":"Calculated Gamble","floor":32},{"not_picked":["Reflex","Acrobatics"],"picked":"Catalyst","floor":35}],"player_experience":210251,"potions_floor_usage":[12,33,33,42],"damage_taken":[{"damage":0,"enemies":"Jaw Worm","floor":1,"turns":1},{"damage":0,"enemies":"Cultist","floor":3,"turns":1},{"damage":0,"enemies":"Gremlin Nob","floor":6,"turns":1},{"damage":17,"enemies":"Lagavulin","floor":8,"turns":7},{"damage":13,"enemies":"Gremlin Nob","floor":12,"turns":4},{"damage":0,"enemies":"2 Louse","floor":14,"turns":3},{"damage":8,"enemies":"Hexaghost","floor":16,"turns":9},{"damage":5,"enemies":"Shell Parasite","floor":18,"turns":5},{"damage":0,"enemies":"Spheric Guardian","floor":21,"turns":3},{"damage":23,"enemies":"Centurion and Healer","floor":27,"turns":6},{"damage":0,"enemies":"Snecko","floor":28,"turns":5},{"damage":0,"enemies":"Snake Plant","floor":30,"turns":3},{"damage":39,"enemies":"Collector","floor":33,"turns":7},{"damage":8,"enemies":"Orb Walker","floor":35,"turns":3},{"damage":63,"enemies":"Awakened One","floor":42,"turns":5}],"event_choices":[{"event_name":"The Woman in Blue","player_choice":"Bought 0 Potions","floor":2,"damage_taken":0},{"event_name":"Golden Idol","player_choice":"Take Damage","floor":5,"damage_taken":0},{"event_name":"Big Fish","player_choice":"Donut","floor":7,"damage_taken":0},{"event_name":"Match and Keep!","player_choice":"1 cards matched","floor":10,"damage_taken":0},{"event_name":"The Mausoleum","player_choice":"Yes","floor":20,"damage_taken":0},{"event_name":"Beggar","player_choice":"Gave Gold","floor":22,"damage_taken":0},{"event_name":"Back to Basics","player_choice":"Elegance","floor":24,"damage_taken":0},{"event_name":"Addict","player_choice":"Ignored","floor":31,"damage_taken":0},{"event_name":"Duplicator","player_choice":"One dupe","floor":36,"damage_taken":0},{"event_name":"Winding Halls","player_choice":"Embrace Madness","floor":38,"damage_taken":0},{"event_name":"SecretPortal","player_choice":"Took Portal.","floor":41,"damage_taken":0}],"boss_relics":[{"not_picked":["Orrery","Tiny House"],"picked":"Snecko Eye"},{"not_picked":["Astrolabe","White Beast Statue"],"picked":"Sozu"}],"potions_floor_spawned":[3,6,28,33],"seed_played":"-2797868258095207771","killed_by":"Awakened One","ascension_level":0,"is_trial":false}