{"path_per_floor":["M","$","?","M","M","M","R","?","T","R","$","R","M","M","R","B",null,"M","M","?","?","M","R","E","M","T","R","M","R","M","?","R","B",null,"M","T","T","?","M","R","M","T","T","R","?","$","R","M","R","B"],"character_chosen":"THE_SILENT","items_purchased":["Noxious Fumes"],"gold_per_floor":[99,18,0,0,0,0,0,0,0,0,0,0,0,0,0,0,0,0,0,0,0,0,0,0,0,0,0,0,0,0,0,0,0,0,0,0,0,0,0,0,0,0,0,0,0,0,0,0,0,0],"floor_reached":51,"campfire_rested":1,"playtime":1830,"current_hp_per_floor":[70,70,70,70,70,70,70,70,70,70,70,70,67,67,67,66,70,68,63,63,63,62,62,62,70,70,70,70,70,69,69,69,45,75,55,55,55,55,38,60,60,60,60,60,60,60,60,60,60,50],"items_purged":[],"gold":0,"score":707,"play_id":"02694eb5-e6c9-4992-8085-39275690ba07","local_time":"20180402234609","is_prod":false,"is_daily":false,"is_ascension_mode":false,"campfire_upgraded":11,"timestamp":1522737969,"path_taken":["M","$","?","M","?","M","R","?","T","R","?","R","M","M","R","BOSS","M","M","?","?","M","R","E","M","T","R","M","R","M","?","R","BOSS","M","?","?","?","M","R","M","?","T","R","?","$","R","M","R","BOSS"],"build_version":"2018-03-29","purchased_purges":0,"victory":true,"master_deck":["Defend_G","Defend_G","Defend_G+1","Defend_G+1","Strike_G+1","Survivor+1","Neutralize+1","Catalyst+1","Noxious Fumes+1","Backflip+1","Bullet Time+1","Blur+1","Burst+1","Dagger Spray+1","Blur+1","Riddle With Holes+1","Catalyst+1","Venomology+1","Poisoned Stab+1","Flying Knee+1","Writhe","Deadly Poison+1"],"max_hp_per_floor":[70,70,70,70,70,70,70,70,70,70,70,70,70,70,70,70,70,70,70,70,70,70,70,70,70,70,70,70,70,70,70,70,70,75,75,75,75,75,75,75,75,75,75,75,75,75,75,75,75,75],"relics":["Ectoplasm","Lantern","Nloth\u0027s Gift","Ancient Tea Set","Bronze Scales","Tiny Chest","Tiny House","Whetstone","Prayer Wheel","Red Mask","Art of War","Old Coin"],"card_choices":[{"not_picked":["Cloak And Dagger","Escape Plan"],"picked":"Catalyst","floor":1},{"not_picked":["PiercingWail","Underhanded Strike"],"picked":"Backflip","floor":4},{"not_picked":["Leg Sweep","Endless Agony"],"picked":"Bullet Time","floor":13},{"not_picked":["Dagger Throw","Sucker Punch"],"picked":"Blur","floor":14},{"not_picked":["Night Terror","Venomology"],"picked":"Burst","floor":16},{"not_picked":["Leg Sweep","Well Laid Plans"],"picked":"Catalyst","floor":22},{"not_picked":["Flying Knee","Sucker Punch"],"picked":"Venomology","floor":24},{"not_picked":["Quick Slash","Deflect"],"picked":"Poisoned Stab","floor":28},{"not_picked":["Acrobatics","Quick Slash"],"picked":"Flying Knee","floor":30},{"not_picked":["Dagger Throw","Dagger Spray"],"picked":"Deadly Poison","floor":34}],"player_experience":220987,"potions_floor_usage":[18,24,25,25,28,28,30,30,30,33,35,39,41,48,50,50,50],"damage_taken":[{"damage":0,"enemies":"Small Slimes","floor":1,"turns":4},{"damage":0,"enemies":"2 Louse","floor":4,"turns":4},{"damage":0,"enemies":"Cultist","floor":5,"turns":5},{"damage":0,"enemies":"2 Fungi Beasts","floor":6,"turns":4},{"damage":3,"enemies":"Large Slime","floor":13,"turns":6},{"damage":0,"enemies":"Blue Slaver","floor":14,"turns":4},{"damage":1,"enemies":"Hexaghost","floor":16,"turns":10},{"damage":2,"enemies":"2 Thieves","floor":18,"turns":4},{"damage":5,"enemies":"3 Byrds","floor":19,"turns":6},{"damage":1,"enemies":"3 Cultists","floor":22,"turns":5},{"damage":0,"enemies":"Book of Stabbing","floor":24,"turns":6},{"damage":0,"enemies":"Centurion and Healer","floor":25,"turns":9},{"damage":0,"enemies":"Snecko","floor":28,"turns":6},{"damage":1,"enemies":"Sentry and Sphere","floor":30,"turns":5},{"damage":36,"enemies":"Automaton","floor":33,"turns":7},{"damage":20,"enemies":"3 Darklings","floor":35,"turns":4},{"damage":17,"enemies":"Orb Walker","floor":39,"turns":5},{"damage":0,"enemies":"3 Darklings","floor":41,"turns":4},{"damage":0,"enemies":"Spire Growth","floor":48,"turns":4},{"damage":19,"enemies":"Time Eater","floor":50,"turns":3}],"event_choices":[{"event_name":"World of Goop","player_choice":"Left","floor":3,"damage_taken":0},{"event_name":"Golden Idol","player_choice":"Ignored","floor":8,"damage_taken":0},{"event_name":"N\u0027loth","player_choice":"Traded a Astrolabe","floor":20,"damage_taken":0},{"event_name":"Purifier","player_choice":"One Purge","floor":21,"damage_taken":0},{"event_name":"The Mausoleum","player_choice":"Yes","floor":31,"damage_taken":0},{"event_name":"Tomb of Lord Red Mask","player_choice":"Paid","floor":38,"damage_taken":0}],"boss_relics":[{"not_picked":["Pandora\u0027s Box","Velvet Choker"],"picked":"Astrolabe"},{"not_picked":["Runic Pyramid","Runic Dome"],"picked":"Tiny House"}],"potions_floor_spawned":[1,4,13,22,24,25,39,48],"seed_played":"4079444775999378261","ascension_level":0,"is_trial":false}