{"path_per_floor":["M","M","$","?","M","R","M","$","T","T","M","?","R","E","R","B",null,"M","?","$","M","$","R","?","?","T","M","R","M","$","M","R","B",null,"M","M","M","?","?"],"character_chosen":"THE_SILENT","items_purchased":["Oddly Smooth Stone","Bottled Flame","Ancient Potion"],"gold_per_floor":[116,133,58,58,68,68,84,84,84,84,102,158,158,193,193,290,290,305,305,305,318,66,66,66,0,300,320,320,330,31,51,51,146,146,164,182,200,200,200,200],"floor_reached":40,"campfire_rested":0,"playtime":3197,"current_hp_per_floor":[70,70,70,70,70,70,70,70,70,70,70,59,59,42,42,65,70,68,68,68,62,62,62,62,62,62,62,62,54,54,50,50,27,70,66,37,37,37,37,0],"items_purged":["Strike_G","Strike_G"],"gold":200,"score":386,"play_id":"3d0f3a08-b6e2-4302-8c88-5fe6c4c9209c","local_time":"20180330204236","is_prod":false,"is_daily":false,"is_ascension_mode":false,"campfire_upgraded":6,"timestamp":1522467756,"path_taken":["M","M","$","?","M","R","M","?","T","?","?","?","R","E","R","BOSS","M","?","$","M","$","R","?","?","T","M","R","M","?","M","R","BOSS","M","M","M","?","?","E"],"build_version":"2018-03-29","purchased_purges":2,"victory":false,"master_deck":["Defend_G","Defend_G","Defend_G","Defend_G","Strike_G","Strike_G","Survivor","Neutralize+1","Finisher+1","Blur+1","Predator+1","Malaise+1","Bouncing Flask+1","Malaise","Adrenaline","Predator+1","Accuracy"],"max_hp_per_floor":[70,70,70,70,70,70,70,70,70,70,70,70,70,70,70,70,70,70,70,70,70,70,70,70,70,70,70,70,70,70,70,70,70,70,70,70,70,70,70,70],"relics":["Velvet Choker","Ice Cream","Ginger","Pantograph","Pen Nib","Lizard Tail","Oddly Smooth Stone","Old Coin","Bottled Flame","Black Star"],"card_choices":[{"not_picked":["Grand Finale","Acrobatics"],"picked":"Finisher","floor":2},{"not_picked":["Dodge and Roll","Dagger Throw"],"picked":"Predator","floor":5},{"not_picked":["Prepared","Dodge and Roll"],"picked":"Malaise","floor":7},{"not_picked":["Deflect","Envenom"],"picked":"Bouncing Flask","floor":29},{"not_picked":["Bane","Deadly Poison"],"picked":"Malaise","floor":31},{"not_picked":["Corpse Explosion","Doppelganger"],"picked":"Adrenaline","floor":33},{"not_picked":["Acrobatics","Deflect"],"picked":"Predator","floor":37}],"player_experience":201877,"potions_floor_usage":[12,31,33,33,33],"damage_taken":[{"damage":0,"enemies":"2 Louse","floor":1,"turns":3},{"damage":0,"enemies":"Jaw Worm","floor":2,"turns":4},{"damage":0,"enemies":"Cultist","floor":5,"turns":4},{"damage":0,"enemies":"Large Slime","floor":7,"turns":6},{"damage":0,"enemies":"2 Fungi Beasts","floor":11,"turns":4},{"damage":11,"enemies":"Gremlin Nob","floor":12,"turns":5},{"damage":17,"enemies":"Gremlin Nob","floor":14,"turns":5},{"damage":2,"enemies":"The Guardian","floor":16,"turns":15},{"damage":2,"enemies":"Chosen","floor":18,"turns":5},{"damage":6,"enemies":"2 Thieves","floor":21,"turns":5},{"damage":0,"enemies":"Snecko","floor":27,"turns":8},{"damage":8,"enemies":"Centurion and Healer","floor":29,"turns":7},{"damage":4,"enemies":"Cultist and Chosen","floor":31,"turns":6},{"damage":43,"enemies":"Collector","floor":33,"turns":11},{"damage":4,"enemies":"3 Shapes","floor":35,"turns":6},{"damage":29,"enemies":"3 Darklings","floor":36,"turns":12},{"damage":0,"enemies":"Maw","floor":37,"turns":9},{"damage":87,"enemies":"2 Orb Walkers","floor":40,"turns":5}],"event_choices":[{"event_name":"Living Wall","player_choice":"Change","floor":4,"damage_taken":0},{"event_name":"Dead Adventurer","player_choice":"Searched \u00272\u0027 times","floor":12,"damage_taken":0},{"event_name":"Beggar","player_choice":"Ignored","floor":19,"damage_taken":0},{"event_name":"Ghosts","player_choice":"Ignored","floor":24,"damage_taken":0},{"event_name":"Masked Bandits","player_choice":"Paid Bandits 66 gold","floor":25,"damage_taken":0},{"event_name":"Transmorgrifier","player_choice":"Transform","floor":38,"damage_taken":0},{"event_name":"Mysterious Sphere","player_choice":"Ignore","floor":39,"damage_taken":0}],"boss_relics":[{"not_picked":["Philosopher\u0027s Stone","Snecko Eye"],"picked":"Lizard Tail"},{"not_picked":["Cursed Key","Runic Pyramid"],"picked":"Black Star"}],"potions_floor_spawned":[7,11,21,31,37],"seed_played":"-5875312200237497631","killed_by":"2 Orb Walkers","ascension_level":0,"is_trial":false}