{"path_per_floor":["M","?","?","M","$","R","M","M","T","?","M","M","M","M","R","B",null,"M","?","?","?","M","R","T"],"character_chosen":"THE_SILENT","items_purchased":[],"gold_per_floor":[111,111,111,130,55,55,74,92,92,92,112,129,142,158,158,258,258,274,274,274,274,284,284,334,334],"floor_reached":25,"campfire_rested":0,"playtime":1115,"current_hp_per_floor":[64,57,57,54,54,54,54,54,54,54,54,54,54,53,53,9,67,57,41,63,63,67,67,67,0],"items_purged":["Parasite"],"gold":334,"score":195,"play_id":"8f0d26eb-1645-4146-8687-288ab4c7f341","local_time":"20180411234622","is_prod":false,"is_daily":false,"chose_seed":false,"is_ascension_mode":false,"campfire_upgraded":3,"timestamp":1523515582,"path_taken":["M","?","?","M","$","R","M","?","T","?","M","M","M","M","R","BOSS","M","?","?","?","M","R","?","E"],"build_version":"2018-04-11","seed_source_timestamp":562204359729283,"purchased_purges":1,"victory":false,"master_deck":["Defend_G","Defend_G+1","Defend_G","Defend_G","Defend_G+1","Strike_G","Strike_G","Strike_G","Strike_G","Strike_G","Survivor","Neutralize+1","Acrobatics","All Out Attack","Underhanded Strike","Flying Knee","Flying Knee","Malaise+1","Dagger Spray","Bullet Time+1","Quick Slash+1","Bandage Up","Die Die Die","Backflip"],"max_hp_per_floor":[70,70,70,70,67,67,67,67,67,67,67,67,67,67,67,67,67,67,67,67,67,67,67,67,67],"relics":["Calling Bell","Matryoshka","War Paint","Happy Flower","Pen Nib","Snake Skull","Runic Dome","Nilry\u0027s Codex","Omamori","Orichalcum"],"card_choices":[{"not_picked":["Dagger Throw","Riddle With Holes"],"picked":"Acrobatics","floor":1},{"not_picked":["Reflex","Eviscerate"],"picked":"All Out Attack","floor":4},{"not_picked":["Slice","Bane"],"picked":"Underhanded Strike","floor":7},{"not_picked":["Well Laid Plans","Dagger Spray"],"picked":"Flying Knee","floor":8},{"not_picked":["Underhanded Strike","Slice"],"picked":"Flying Knee","floor":12},{"not_picked":["Dagger Throw","Deadly Poison"],"picked":"Malaise","floor":13},{"not_picked":["Acrobatics","Footwork"],"picked":"Dagger Spray","floor":14},{"not_picked":["Doppelganger","Night Terror"],"picked":"Bullet Time","floor":16},{"not_picked":["PiercingWail","Outmaneuver"],"picked":"Quick Slash","floor":18},{"not_picked":["Blade Dance","Escape Plan"],"picked":"Backflip","floor":22}],"player_experience":255197,"potions_floor_usage":[11,12,14,25,25],"damage_taken":[{"damage":6,"enemies":"2 Louse","floor":1,"turns":4},{"damage":3,"enemies":"Jaw Worm","floor":4,"turns":6},{"damage":0,"enemies":"Cultist","floor":7,"turns":3},{"damage":0,"enemies":"Large Slime","floor":8,"turns":6},{"damage":0,"enemies":"Red Slaver","floor":11,"turns":3},{"damage":0,"enemies":"3 Louse","floor":12,"turns":2},{"damage":0,"enemies":"Large Slime","floor":13,"turns":4},{"damage":1,"enemies":"Exordium Wildlife","floor":14,"turns":4},{"damage":44,"enemies":"Slime Boss","floor":16,"turns":13},{"damage":10,"enemies":"Shell Parasite","floor":18,"turns":8},{"damage":0,"enemies":"Chosen","floor":22,"turns":3},{"damage":71,"enemies":"Gremlin Leader","floor":25,"turns":7}],"event_choices":[{"event_name":"Golden Wing","player_choice":"Card Removal","floor":2,"damage_taken":0},{"event_name":"Living Wall","player_choice":"Forget","floor":3,"damage_taken":0},{"event_name":"The Lab","player_choice":"Got Potions","floor":10,"damage_taken":0},{"event_name":"Cursed Tome","player_choice":"Obtained Book","floor":19,"damage_taken":0},{"event_name":"The Library","player_choice":"Heal","floor":20,"damage_taken":0},{"event_name":"Match and Keep!","player_choice":"2 cards matched","floor":21,"damage_taken":0}],"boss_relics":[{"not_picked":["Runic Pyramid","Tiny House"],"picked":"Runic Dome"}],"potions_floor_spawned":[1,11,12,14,18],"seed_played":"7659206678487216071","killed_by":"Gremlin Leader","ascension_level":0,"is_trial":false}