{"path_per_floor":["M","M","M","$","?","R","?","?","T","M","E","R","E","M","R","B",null,"M","$","M","?","M","E","M","R","T","R","M","?","$","M","R"],"character_chosen":"THE_SILENT","items_purchased":["Meat on the Bone"],"gold_per_floor":[115,128,138,63,63,63,13,88,112,136,170,170,201,214,214,343,343,366,12,37,37,58,89,109,109,109,109,129,129,4,29,29,29],"floor_reached":33,"campfire_rested":0,"playtime":1345,"current_hp_per_floor":[69,69,69,69,52,52,52,41,41,38,25,25,27,29,29,21,70,70,70,70,70,62,55,41,41,41,41,44,44,44,46,46,0],"items_purged":["Strike_G","Defend_G","Strike_G"],"gold":29,"score":302,"play_id":"74d62148-dcda-43e7-a274-2ec1e807ddff","local_time":"20180416110218","is_prod":false,"is_daily":false,"chose_seed":false,"is_ascension_mode":false,"campfire_upgraded":6,"timestamp":1523901738,"path_taken":["M","M","M","$","?","R","?","?","T","M","E","R","E","M","R","BOSS","M","$","M","?","M","E","M","R","T","R","M","?","$","?","R","BOSS"],"build_version":"2018-04-12","seed_source_timestamp":401690352320093,"purchased_purges":3,"victory":false,"master_deck":["Defend_G","Defend_G","Defend_G","Survivor","Neutralize","Cloak And Dagger+1","Accuracy+1","Terror+1","Blade Dance+1","Glass Knife+1","Dagger Throw+1","Quick Slash+1","Glass Knife+1","Prepared","Dodge and Roll+1","Accuracy+1"],"max_hp_per_floor":[70,70,70,70,70,70,70,70,70,70,70,70,70,70,70,70,70,70,70,70,70,70,70,70,70,70,70,70,70,70,70,70,70],"relics":["Ring of the Snake","Golden Idol","Bronze Scales","Blood Vial","Snake Skull","Astrolabe","Meat on the Bone","Bottled Tornado","Question Card"],"card_choices":[{"not_picked":["Masterful Stab","Flying Knee"],"picked":"Cloak And Dagger","floor":1},{"not_picked":["Blur","Finisher"],"picked":"Accuracy","floor":2},{"not_picked":["Expertise","Dagger Throw"],"picked":"Terror","floor":3},{"not_picked":["Escape Plan","Choke"],"picked":"Blade Dance","floor":10},{"not_picked":["After Image","Storm of Steel"],"picked":"Glass Knife","floor":16},{"not_picked":["Cloak And Dagger","Deflect"],"picked":"Prepared","floor":18},{"not_picked":["Underhanded Strike","Outmaneuver"],"picked":"Dodge and Roll","floor":20}],"player_experience":65231,"potions_floor_usage":[11,16,22,31,33,33],"damage_taken":[{"damage":1,"enemies":"Cultist","floor":1,"turns":6},{"damage":0,"enemies":"2 Louse","floor":2,"turns":3},{"damage":0,"enemies":"Small Slimes","floor":3,"turns":4},{"damage":3,"enemies":"Blue Slaver","floor":10,"turns":3},{"damage":22,"enemies":"Gremlin Nob","floor":11,"turns":4},{"damage":0,"enemies":"Lagavulin","floor":13,"turns":5},{"damage":0,"enemies":"Large Slime","floor":14,"turns":4},{"damage":10,"enemies":"The Guardian","floor":16,"turns":10},{"damage":0,"enemies":"3 Byrds","floor":18,"turns":4},{"damage":0,"enemies":"Spheric Guardian","floor":20,"turns":3},{"damage":8,"enemies":"Snecko","floor":22,"turns":3},{"damage":9,"enemies":"Book of Stabbing","floor":23,"turns":4},{"damage":16,"enemies":"3 Cultists","floor":24,"turns":5},{"damage":11,"enemies":"Snake Plant","floor":28,"turns":3},{"damage":0,"enemies":"Centurion and Healer","floor":31,"turns":3},{"damage":59,"enemies":"Automaton","floor":33,"turns":8}],"event_choices":[{"event_name":"Golden Idol","player_choice":"Take Damage","floor":5,"damage_taken":0},{"event_name":"The Cleric","player_choice":"Card Removal","floor":7,"damage_taken":0},{"event_name":"World of Goop","player_choice":"Gather Gold","floor":8,"damage_taken":0},{"event_name":"Drug Dealer","player_choice":"Ignored","floor":21,"damage_taken":0},{"event_name":"The Library","player_choice":"Read","floor":29,"damage_taken":0}],"boss_relics":[{"not_picked":["Calling Bell","Ectoplasm"],"picked":"Astrolabe"}],"potions_floor_spawned":[1,13,14,16,18,20,23,31],"seed_played":"1289428971494717244","killed_by":"Automaton","ascension_level":0,"is_trial":false}