{"path_per_floor":["M","$","?","M","M","R","M","R","T","?","M","?","R","?","R","B",null,"M","?","?","?","M","R","M","R","T","R","?","M","R","$","R","B",null,"M","?","?","$","M","R","M","R","T","?","E","R","$","?","R","B"],"character_chosen":"THE_SILENT","items_purchased":["Prepared","Noxious Fumes"],"gold_per_floor":[115,115,115,127,139,139,150,150,150,150,169,169,169,119,119,238,238,223,138,138,138,162,162,175,175,175,175,100,115,115,61,61,180,180,198,198,198,83,97,97,117,117,117,117,155,155,55,55,55,55],"floor_reached":51,"campfire_rested":0,"playtime":2620,"current_hp_per_floor":[70,70,56,56,56,56,51,51,51,34,34,34,34,34,34,32,70,64,64,64,64,54,54,54,54,54,54,54,54,54,54,54,54,70,63,56,56,56,55,55,55,55,55,45,47,47,47,47,47,22],"items_purged":["Blade Dance","Sucker Punch"],"gold":55,"score":759,"play_id":"b7e0e181-257c-4da5-93be-8ecfa8dfe4d3","local_time":"20180416210204","is_prod":false,"is_daily":false,"chose_seed":false,"is_ascension_mode":false,"campfire_upgraded":13,"timestamp":1523937724,"path_taken":["M","$","?","M","?","R","M","R","T","?","M","?","R","?","R","BOSS","M","?","?","?","M","R","M","R","T","R","?","M","R","$","R","BOSS","M","?","?","$","M","R","?","R","T","?","E","R","$","?","R","BOSS"],"build_version":"2018-04-12","seed_source_timestamp":31332453205203,"purchased_purges":4,"victory":true,"master_deck":["Survivor+1","Neutralize+1","Acrobatics+1","Noxious Fumes+1","Dodge and Roll+1","Dodge and Roll+1","Burst+1","Acrobatics+1","Noxious Fumes+1","Prepared+1","Backflip+1","Prepared+1","Tactician+1","PiercingWail","Underhanded Strike+1","Underhanded Strike","Prepared+1","Dagger Throw","PiercingWail","Deadly Poison","Noxious Fumes+1","Backflip+1","Clumsy","Flash of Steel"],"max_hp_per_floor":[70,70,70,70,70,70,70,70,70,70,70,70,70,70,70,70,70,70,70,70,70,70,70,70,70,70,70,70,70,70,70,70,70,70,70,70,70,70,70,70,70,70,70,70,72,72,72,72,72,72],"relics":["Cursed Key","Letter Opener","Golden Idol","Sozu","Unceasing Top","Blue Candle","Pandora\u0027s Box","Sundial","Singing Bowl"],"card_choices":[{"not_picked":["Footwork","Deflect"],"picked":"Acrobatics","floor":1},{"not_picked":["Malaise","Sucker Punch"],"picked":"Noxious Fumes","floor":4},{"not_picked":["Outmaneuver","Backflip"],"picked":"Dodge and Roll","floor":5},{"not_picked":["Deflect","Malaise"],"picked":"Dodge and Roll","floor":11},{"not_picked":["A Thousand Cuts","Corpse Explosion"],"picked":"Burst","floor":16},{"not_picked":["Blade Dance","Infinite Blades"],"picked":"Acrobatics","floor":18},{"not_picked":["Cloak And Dagger","Deflect"],"picked":"Prepared","floor":22},{"not_picked":["Bane","Leg Sweep"],"picked":"Backflip","floor":24},{"not_picked":["Die Die Die","After Image"],"picked":"Tactician","floor":33},{"not_picked":["Acrobatics","Dagger Spray"],"picked":"Backflip","floor":39},{"not_picked":["Blind","Dark Shackles"],"picked":"Flash of Steel","floor":44}],"player_experience":69324,"potions_floor_usage":[7,18],"damage_taken":[{"damage":0,"enemies":"2 Louse","floor":1,"turns":3},{"damage":0,"enemies":"Jaw Worm","floor":4,"turns":3},{"damage":0,"enemies":"Small Slimes","floor":5,"turns":4},{"damage":5,"enemies":"2 Fungi Beasts","floor":7,"turns":3},{"damage":0,"enemies":"3 Louse","floor":11,"turns":4},{"damage":2,"enemies":"The Guardian","floor":16,"turns":12},{"damage":6,"enemies":"2 Thieves","floor":18,"turns":4},{"damage":10,"enemies":"Spheric Guardian","floor":22,"turns":6},{"damage":0,"enemies":"Centurion and Healer","floor":24,"turns":6},{"damage":0,"enemies":"3 Cultists","floor":29,"turns":4},{"damage":0,"enemies":"Automaton","floor":33,"turns":11},{"damage":7,"enemies":"3 Darklings","floor":35,"turns":5},{"damage":1,"enemies":"Orb Walker","floor":39,"turns":4},{"damage":0,"enemies":"Maw","floor":41,"turns":7},{"damage":0,"enemies":"Giant Head","floor":45,"turns":7},{"damage":25,"enemies":"Awakened One","floor":50,"turns":11}],"event_choices":[{"event_name":"Shining Light","player_choice":"Entered Light","floor":3,"damage_taken":0},{"event_name":"Golden Idol","player_choice":"Take Damage","floor":10,"damage_taken":0},{"event_name":"The Lab","player_choice":"Got Potions","floor":12,"damage_taken":0},{"event_name":"The Cleric","player_choice":"Card Removal","floor":14,"damage_taken":0},{"event_name":"Addict","player_choice":"Obtained Relic","floor":19,"damage_taken":0},{"event_name":"The Library","player_choice":"Read","floor":20,"damage_taken":0},{"event_name":"Drug Dealer","player_choice":"Ignored","floor":21,"damage_taken":0},{"event_name":"Beggar","player_choice":"Gave Gold","floor":28,"damage_taken":0},{"event_name":"Wheel of Change","player_choice":"Damage","floor":36,"damage_taken":0},{"event_name":"Tomb of Lord Red Mask","player_choice":"Ignored","floor":37,"damage_taken":0},{"event_name":"SensoryStone","player_choice":"Memory 3","floor":44,"damage_taken":0},{"event_name":"Purifier","player_choice":"One Purge","floor":48,"damage_taken":0}],"boss_relics":[{"not_picked":["Velvet Choker","Tiny House"],"picked":"Sozu"},{"not_picked":["Orrery","Lizard Tail"],"picked":"Pandora\u0027s Box"}],"potions_floor_spawned":[1,5,18,33,39],"seed_played":"5431677108178432174","ascension_level":0,"is_trial":false}