{"path_per_floor":["M","?","?","M","M","R","$","E","T","M","M","R","M","M","R","B",null,"M","$","?","M","?","R"],"character_chosen":"THE_SILENT","items_purchased":["Infinite Blades","Bag of Preparation"],"gold_per_floor":[13,13,88,105,122,122,47,72,95,110,125,125,145,162,162,267,267,279,0,0,0,0,0,0],"floor_reached":24,"campfire_rested":0,"playtime":1184,"current_hp_per_floor":[70,70,59,59,59,59,59,31,31,14,10,10,10,10,10,10,70,43,43,30,16,30,30,0],"items_purged":["Strike_G","Strike_G"],"gold":0,"score":271,"play_id":"a8f1b1d1-6725-49a1-9d50-25ede889e777","local_time":"20180414135846","is_prod":false,"is_daily":false,"chose_seed":false,"is_ascension_mode":false,"campfire_upgraded":4,"timestamp":1523739526,"path_taken":["M","?","?","?","M","R","$","E","T","M","?","R","M","M","R","BOSS","M","$","?","M","?","R","E"],"build_version":"2018-04-12","seed_source_timestamp":239638063695023,"purchased_purges":3,"victory":false,"master_deck":["Defend_G","Defend_G","Defend_G","Defend_G","Strike_G","Strike_G","Survivor","Neutralize","Distraction+1","Terror","Noxious Fumes+1","Leg Sweep","Prepared","Infinite Blades+1","Escape Plan","Venomology+1","Infinite Blades","Distraction+1"],"max_hp_per_floor":[70,70,70,70,70,70,70,70,70,70,70,70,70,70,70,70,70,70,70,75,75,89,89,89],"relics":["Ring of the Snake","Shuriken","Omamori","Philosopher\u0027s Stone","Bag of Preparation","Mango"],"card_choices":[{"not_picked":["Skewer","Poisoned Stab"],"picked":"Distraction","floor":1},{"not_picked":["Expertise","Dash"],"picked":"Terror","floor":4},{"not_picked":["PiercingWail","Deadly Poison"],"picked":"Noxious Fumes","floor":5},{"not_picked":["PiercingWail","Outmaneuver"],"picked":"Leg Sweep","floor":8},{"not_picked":["PiercingWail","Terror"],"picked":"Prepared","floor":10},{"not_picked":["Deflect","Outmaneuver"],"picked":"Infinite Blades","floor":11},{"not_picked":["All Out Attack","Dagger Throw"],"picked":"Escape Plan","floor":14},{"not_picked":["Envenom","Glass Knife"],"picked":"Venomology","floor":16},{"not_picked":["Footwork","Predator"],"picked":"Distraction","floor":21}],"player_experience":39495,"potions_floor_usage":[8,13,14,16,16,18,21,24],"damage_taken":[{"damage":0,"enemies":"Jaw Worm","floor":1,"turns":5},{"damage":0,"enemies":"Small Slimes","floor":4,"turns":4},{"damage":0,"enemies":"Cultist","floor":5,"turns":4},{"damage":28,"enemies":"Gremlin Nob","floor":8,"turns":4},{"damage":17,"enemies":"Exordium Thugs","floor":10,"turns":6},{"damage":4,"enemies":"Red Slaver","floor":11,"turns":4},{"damage":0,"enemies":"Looter","floor":13,"turns":4},{"damage":0,"enemies":"3 Louse","floor":14,"turns":5},{"damage":0,"enemies":"Hexaghost","floor":16,"turns":9},{"damage":27,"enemies":"Chosen","floor":18,"turns":6},{"damage":14,"enemies":"2 Thieves","floor":21,"turns":4},{"damage":39,"enemies":"Slavers","floor":24,"turns":2}],"event_choices":[{"event_name":"The Cleric","player_choice":"Leave","floor":2,"damage_taken":0},{"event_name":"World of Goop","player_choice":"Gather Gold","floor":3,"damage_taken":0},{"event_name":"Forgotten Altar","player_choice":"Shed Blood","floor":20,"damage_taken":0},{"event_name":"The Mausoleum","player_choice":"Yes","floor":22,"damage_taken":0}],"boss_relics":[{"not_picked":["Calling Bell","Ectoplasm"],"picked":"Philosopher\u0027s Stone"}],"potions_floor_spawned":[1,5,10,11,16],"seed_played":"9067263067933908185","killed_by":"Slavers","ascension_level":0,"is_trial":false}