{"path_per_floor":["M","?","$","M","M","R","E","M","T","R","M","R","M","M","R","B",null,"M","M","M","M","$","R","M","M","T","R","M","M","?"],"character_chosen":"THE_SILENT","items_purchased":["Bane","Escape Plan","Ornamental Fan"],"gold_per_floor":[110,110,84,97,117,117,144,162,162,162,182,182,192,208,208,306,306,317,334,345,363,7,7,22,39,39,39,57,73,73,73],"floor_reached":31,"campfire_rested":0,"playtime":1269,"current_hp_per_floor":[70,56,56,56,56,56,30,30,30,30,30,30,30,30,30,23,70,58,58,49,28,28,28,26,23,23,23,23,8,8,0],"items_purged":["Strike_G"],"gold":73,"score":245,"play_id":"70bad662-d7dd-4efe-a655-506165435e7a","local_time":"20180414184635","is_prod":false,"is_daily":false,"chose_seed":false,"is_ascension_mode":false,"campfire_upgraded":6,"timestamp":1523756795,"path_taken":["M","?","$","M","M","R","E","?","T","R","M","R","M","M","R","BOSS","M","M","M","M","$","R","M","M","T","R","M","M","?","M"],"build_version":"2018-04-12","seed_source_timestamp":256820068287001,"purchased_purges":2,"victory":false,"master_deck":["Defend_G","Defend_G+1","Defend_G","Defend_G+1","Defend_G","Strike_G","Strike_G","Strike_G","Strike_G+1","Survivor","Neutralize","Die Die Die","Dagger Spray+1","Bane+1","Phantasmal Killer+1","All Out Attack","Poisoned Stab","Finisher+1","Dagger Spray+1","Flying Knee","Cloak And Dagger+1","Glass Knife+1","Bane+1","All Out Attack+1","Escape Plan","Masterful Stab","Finisher","Escape Plan+1","Decay"],"max_hp_per_floor":[70,70,70,70,70,70,70,70,70,70,70,70,70,70,70,70,70,70,70,70,70,70,70,70,70,70,70,70,70,70,70],"relics":["Ring of the Snake","War Paint","Matryoshka","Sozu","Ornamental Fan","Vajra","Shuriken"],"card_choices":[{"not_picked":["Deflect","Underhanded Strike"],"picked":"Dagger Spray","floor":1},{"not_picked":["Outmaneuver","Dodge and Roll"],"picked":"Phantasmal Killer","floor":4},{"not_picked":["Flying Knee","Sucker Punch"],"picked":"All Out Attack","floor":5},{"not_picked":["Underhanded Strike","Dagger Throw"],"picked":"Poisoned Stab","floor":7},{"not_picked":["Dagger Throw","Dagger Spray"],"picked":"Finisher","floor":8},{"not_picked":["Deadly Poison","Eviscerate"],"picked":"Dagger Spray","floor":11},{"not_picked":["Dodge and Roll","Skewer"],"picked":"Flying Knee","floor":13},{"not_picked":["Crippling Poison","Slice"],"picked":"Cloak And Dagger","floor":14},{"not_picked":["After Image","Envenom"],"picked":"Glass Knife","floor":16},{"not_picked":["Flying Knee","Dagger Spray"],"picked":"Bane","floor":18},{"not_picked":["Blur","Finisher"],"picked":"All Out Attack","floor":21},{"not_picked":["Bouncing Flask","Die Die Die"],"picked":"Masterful Stab","floor":24},{"not_picked":["Bane","Dagger Spray"],"picked":"Finisher","floor":25},{"not_picked":["All Out Attack","Burst"],"picked":"Escape Plan","floor":29}],"player_experience":45168,"potions_floor_usage":[16,16],"damage_taken":[{"damage":0,"enemies":"Small Slimes","floor":1,"turns":2},{"damage":0,"enemies":"2 Louse","floor":4,"turns":1},{"damage":0,"enemies":"Cultist","floor":5,"turns":2},{"damage":26,"enemies":"Lagavulin","floor":7,"turns":5},{"damage":0,"enemies":"Blue Slaver","floor":8,"turns":2},{"damage":0,"enemies":"Large Slime","floor":11,"turns":5},{"damage":0,"enemies":"Gremlin Gang","floor":13,"turns":1},{"damage":0,"enemies":"Looter","floor":14,"turns":2},{"damage":7,"enemies":"Hexaghost","floor":16,"turns":6},{"damage":12,"enemies":"Shell Parasite","floor":18,"turns":4},{"damage":0,"enemies":"3 Byrds","floor":19,"turns":2},{"damage":9,"enemies":"Snecko","floor":20,"turns":3},{"damage":21,"enemies":"Snake Plant","floor":21,"turns":4},{"damage":2,"enemies":"Centurion and Healer","floor":24,"turns":4},{"damage":3,"enemies":"Cultist and Chosen","floor":25,"turns":4},{"damage":0,"enemies":"Chosen and Byrds","floor":28,"turns":2},{"damage":15,"enemies":"Snake Plant","floor":29,"turns":3},{"damage":8,"enemies":"Slaver and Parasite","floor":31,"turns":1}],"event_choices":[{"event_name":"Shining Light","player_choice":"Entered Light","floor":2,"damage_taken":0},{"event_name":"Forgotten Altar","player_choice":"Smashed Altar","floor":30,"damage_taken":0}],"boss_relics":[{"not_picked":["Philosopher\u0027s Stone","White Beast Statue"],"picked":"Sozu"}],"potions_floor_spawned":[5,8,11,19,25,29],"seed_played":"3567867857706508509","killed_by":"Slaver and Parasite","ascension_level":0,"is_trial":false}