{"path_per_floor":["M","M","M","M","M","R","M","?","T","M","M","M","R","M","R","B",null,"M","M","M","M","M","M"],"character_chosen":"THE_SILENT","items_purchased":[],"gold_per_floor":[110,129,147,161,178,178,194,194,275,289,300,319,319,336,336,438,438,452,462,473,484,503,521,521],"floor_reached":24,"campfire_rested":1,"playtime":1492,"current_hp_per_floor":[70,70,67,58,58,58,33,21,21,19,19,19,19,14,35,19,70,62,59,43,43,30,23,0],"items_purged":[],"gold":521,"score":202,"play_id":"b8b5fc5e-7211-4c64-94db-e8223bf40fc9","local_time":"20180414133852","is_prod":false,"is_daily":false,"chose_seed":false,"is_ascension_mode":false,"campfire_upgraded":2,"timestamp":1523738332,"path_taken":["M","M","M","M","M","R","M","?","T","M","M","M","R","M","R","BOSS","M","M","M","M","M","M","M"],"build_version":"2018-04-12","seed_source_timestamp":238132526861555,"purchased_purges":0,"victory":false,"master_deck":["Defend_G","Defend_G","Defend_G","Defend_G","Defend_G","Strike_G","Strike_G","Strike_G","Strike_G","Strike_G","Survivor","Neutralize+1","Heel Hook","Prepared","Dagger Spray+1","Acrobatics","Prepared","Dagger Throw","Regret","Glass Knife+1","Dagger Spray+1","Caltrops","Glass Knife+1","Dagger Throw+1","Masterful Stab+1","Well Laid Plans","Terror","Eviscerate+1","Finisher+1","Underhanded Strike+1"],"max_hp_per_floor":[70,70,70,70,70,70,70,70,70,70,70,70,70,70,70,70,70,70,70,70,70,70,70,70],"relics":["Cursed Key","Molten Egg 2","Bottled Flame","Orrery"],"card_choices":[{"not_picked":["Dagger Spray","Acrobatics"],"picked":"Heel Hook","floor":1},{"not_picked":["Flechettes","Distraction"],"picked":"Prepared","floor":2},{"not_picked":["PiercingWail","Bane"],"picked":"Dagger Spray","floor":3},{"not_picked":["Outmaneuver","PiercingWail"],"picked":"Acrobatics","floor":4},{"not_picked":["Deflect","Deadly Poison"],"picked":"Prepared","floor":5},{"not_picked":["Backflip","Eviscerate"],"picked":"Dagger Throw","floor":7},{"not_picked":["Outmaneuver","PiercingWail"],"picked":"Glass Knife","floor":10},{"not_picked":["Dagger Throw","Dodge and Roll"],"picked":"Dagger Spray","floor":11},{"not_picked":["Slice","Prepared"],"picked":"Caltrops","floor":14},{"not_picked":["After Image","Burst"],"picked":"Glass Knife","floor":16},{"not_picked":["Endless Agony","Deflect"],"picked":"Dagger Throw","floor":17},{"not_picked":["Poisoned Stab","Dagger Spray"],"picked":"Masterful Stab","floor":17},{"not_picked":["Die Die Die","Acrobatics"],"picked":"Well Laid Plans","floor":17},{"not_picked":["PiercingWail","Deadly Poison"],"picked":"Terror","floor":17},{"not_picked":["Terror","Deflect"],"picked":"Eviscerate","floor":19},{"not_picked":["Skewer","Poisoned Stab"],"picked":"Finisher","floor":20},{"not_picked":["Bane","Flechettes"],"picked":"Underhanded Strike","floor":23}],"player_experience":38003,"potions_floor_usage":[11,16,16,20,20,24],"damage_taken":[{"damage":0,"enemies":"Cultist","floor":1,"turns":5},{"damage":0,"enemies":"Jaw Worm","floor":2,"turns":4},{"damage":3,"enemies":"Small Slimes","floor":3,"turns":4},{"damage":9,"enemies":"Red Slaver","floor":4,"turns":6},{"damage":0,"enemies":"Looter","floor":5,"turns":4},{"damage":25,"enemies":"Exordium Thugs","floor":7,"turns":7},{"damage":2,"enemies":"3 Louse","floor":10,"turns":2},{"damage":0,"enemies":"Gremlin Gang","floor":11,"turns":2},{"damage":0,"enemies":"Exordium Thugs","floor":12,"turns":2},{"damage":5,"enemies":"Blue Slaver","floor":14,"turns":3},{"damage":16,"enemies":"Slime Boss","floor":16,"turns":7},{"damage":8,"enemies":"Chosen","floor":18,"turns":3},{"damage":3,"enemies":"3 Byrds","floor":19,"turns":3},{"damage":16,"enemies":"Snake Plant","floor":20,"turns":4},{"damage":0,"enemies":"Chosen and Byrds","floor":21,"turns":4},{"damage":13,"enemies":"3 Cultists","floor":22,"turns":3},{"damage":7,"enemies":"Snake Plant","floor":23,"turns":3},{"damage":24,"enemies":"Sentry and Sphere","floor":24,"turns":4}],"event_choices":[{"event_name":"Scrap Ooze","player_choice":"success","floor":8,"damage_taken":12}],"boss_relics":[{"not_picked":["Ectoplasm","Runic Dome"],"picked":"Orrery"}],"potions_floor_spawned":[2,4,5,10,11,16,19,22,23],"seed_played":"175196704860596894","killed_by":"Sentry and Sphere","ascension_level":0,"is_trial":false}