{"path_per_floor":["M","M","M","?","M","E","R","M","T","R","M","$","$","M","R"],"character_chosen":"THE_SILENT","items_purchased":["Dagger Throw"],"gold_per_floor":[14,29,39,39,55,98,98,117,117,117,133,31,31,44,44,44],"floor_reached":16,"campfire_rested":2,"playtime":878,"current_hp_per_floor":[84,84,78,57,53,20,45,39,39,39,27,27,27,27,52,0],"items_purged":["Strike_G"],"gold":44,"score":104,"play_id":"2d382850-77b3-45bc-afc5-5e9cf7f2407a","local_time":"20180414202457","is_prod":false,"is_daily":false,"chose_seed":false,"is_ascension_mode":false,"campfire_upgraded":1,"timestamp":1523762697,"path_taken":["M","M","M","?","M","E","R","M","T","R","M","?","$","M","R","BOSS"],"build_version":"2018-04-12","seed_source_timestamp":263112324728642,"purchased_purges":1,"victory":false,"master_deck":["Defend_G","Defend_G","Defend_G","Defend_G","Defend_G","Strike_G","Strike_G","Strike_G","Strike_G","Survivor","Neutralize+1","Calculated Gamble","Heel Hook","Slice","Backstab","Bullet Time","Prepared","Reflex","Dagger Throw","Distraction"],"max_hp_per_floor":[84,84,84,84,84,84,84,84,84,84,84,84,84,84,84,84],"relics":["Ring of the Snake","Golden Idol","Juzu Bracelet","Happy Flower"],"card_choices":[{"not_picked":["Cloak And Dagger","Dagger Throw"],"picked":"Calculated Gamble","floor":1},{"not_picked":["Poisoned Stab","Backflip"],"picked":"Heel Hook","floor":2},{"not_picked":["Expertise","Backflip"],"picked":"Slice","floor":3},{"not_picked":["Endless Agony","Blur"],"picked":"Backstab","floor":5},{"not_picked":["Deflect","Catalyst"],"picked":"Bullet Time","floor":6},{"not_picked":["Poisoned Stab","Calculated Gamble"],"picked":"Prepared","floor":8},{"not_picked":["Well Laid Plans","Bane"],"picked":"Reflex","floor":11},{"not_picked":["Sucker Punch","Quick Slash"],"picked":"Distraction","floor":14}],"player_experience":51106,"potions_floor_usage":[],"damage_taken":[{"damage":0,"enemies":"Small Slimes","floor":1,"turns":4},{"damage":0,"enemies":"Cultist","floor":2,"turns":5},{"damage":6,"enemies":"Jaw Worm","floor":3,"turns":6},{"damage":4,"enemies":"Blue Slaver","floor":5,"turns":6},{"damage":33,"enemies":"Gremlin Nob","floor":6,"turns":6},{"damage":6,"enemies":"Exordium Wildlife","floor":8,"turns":4},{"damage":12,"enemies":"Gremlin Gang","floor":11,"turns":4},{"damage":0,"enemies":"Red Slaver","floor":14,"turns":3},{"damage":66,"enemies":"Slime Boss","floor":16,"turns":9}],"event_choices":[{"event_name":"Golden Idol","player_choice":"Take Damage","floor":4,"damage_taken":0}],"boss_relics":[],"potions_floor_spawned":[1,6,14],"seed_played":"-4699457057543870591","killed_by":"Slime Boss","ascension_level":0,"is_trial":false}