{"path_per_floor":["M","$","?","$","M","R","T","M","T","M","E","M","E","M","R","B",null,"M","?","?","M","$","R","?","$","T","M","R","M","M","M","R"],"character_chosen":"THE_SILENT","items_purchased":["Crippling Poison","Glass Knife","Well Laid Plans"],"gold_per_floor":[114,41,216,3,18,18,18,36,36,46,80,94,129,148,148,246,246,266,266,266,278,109,109,109,109,109,122,122,139,154,171,171,171],"floor_reached":33,"campfire_rested":1,"playtime":1461,"current_hp_per_floor":[70,70,70,70,70,70,70,70,77,77,75,68,42,35,35,31,77,59,59,45,32,32,32,32,32,42,29,56,27,27,24,24,0],"items_purged":["Doubt","Strike_G"],"gold":171,"score":309,"play_id":"d979fc5c-466c-4465-b298-84d51cef8632","local_time":"20180415154017","is_prod":false,"is_daily":false,"chose_seed":false,"is_ascension_mode":false,"campfire_upgraded":4,"timestamp":1523832017,"path_taken":["M","$","?","$","M","R","?","?","T","M","E","M","E","M","R","BOSS","M","?","?","M","?","R","?","$","T","M","R","M","M","?","R","BOSS"],"build_version":"2018-04-12","seed_source_timestamp":0,"purchased_purges":4,"victory":false,"master_deck":["Defend_G+1","Defend_G+1","Defend_G+1","Defend_G+1","Defend_G+1","Strike_G+1","Strike_G+1","Strike_G+1","Strike_G+1","Survivor","Neutralize","Bouncing Flask+1","Crippling Poison","Glass Knife+1","Catalyst","Bouncing Flask+1","Slice","Well Laid Plans","Catalyst","Bullet Time+1","Prepared","Outmaneuver+1","Well Laid Plans","Deadly Poison","Backflip+1"],"max_hp_per_floor":[70,70,70,70,70,70,70,70,77,77,77,77,77,77,77,77,77,77,77,82,82,82,82,82,82,92,92,92,92,92,92,92,92],"relics":["Ring of the Snake","Calipers","Strawberry","Mummified Hand","Molten Egg 2","Lizard Tail","Pear"],"card_choices":[{"not_picked":["Quick Slash","Dagger Spray"],"picked":"Bouncing Flask","floor":1},{"not_picked":["Heel Hook","Expertise"],"picked":"Catalyst","floor":5},{"not_picked":["Outmaneuver","Choke"],"picked":"Bouncing Flask","floor":8},{"not_picked":["Reflex","Masterful Stab"],"picked":"Slice","floor":10},{"not_picked":["Accuracy","Escape Plan"],"picked":"Well Laid Plans","floor":11},{"not_picked":["Blade Dance","Outmaneuver"],"picked":"Catalyst","floor":14},{"not_picked":["Storm of Steel","Phantasmal Killer"],"picked":"Bullet Time","floor":16},{"not_picked":["Cloak And Dagger","PiercingWail"],"picked":"Prepared","floor":18},{"not_picked":["Masterful Stab","PiercingWail"],"picked":"Outmaneuver","floor":21},{"not_picked":["Sucker Punch","Dodge and Roll"],"picked":"Deadly Poison","floor":29},{"not_picked":["Flechettes","Outmaneuver"],"picked":"Backflip","floor":31}],"player_experience":58663,"potions_floor_usage":[16,16,16,21,33],"damage_taken":[{"damage":0,"enemies":"Jaw Worm","floor":1,"turns":4},{"damage":0,"enemies":"Small Slimes","floor":5,"turns":4},{"damage":0,"enemies":"Cultist","floor":8,"turns":3},{"damage":0,"enemies":"Looter","floor":10,"turns":3},{"damage":2,"enemies":"Gremlin Nob","floor":11,"turns":3},{"damage":7,"enemies":"Exordium Wildlife","floor":12,"turns":3},{"damage":26,"enemies":"Lagavulin","floor":13,"turns":4},{"damage":7,"enemies":"Large Slime","floor":14,"turns":5},{"damage":22,"enemies":"Hexaghost","floor":16,"turns":6},{"damage":18,"enemies":"Chosen","floor":18,"turns":5},{"damage":13,"enemies":"Spheric Guardian","floor":21,"turns":4},{"damage":13,"enemies":"Snake Plant","floor":27,"turns":3},{"damage":29,"enemies":"Cultist and Chosen","floor":29,"turns":6},{"damage":0,"enemies":"Snecko","floor":30,"turns":3},{"damage":3,"enemies":"Snake Plant","floor":31,"turns":4},{"damage":80,"enemies":"Collector","floor":33,"turns":7}],"event_choices":[{"event_name":"Liars Game","player_choice":"agreed","floor":3,"damage_taken":0},{"event_name":"Vampires","player_choice":"Ignored","floor":19,"damage_taken":0},{"event_name":"Forgotten Altar","player_choice":"Shed Blood","floor":20,"damage_taken":0},{"event_name":"Back to Basics","player_choice":"Simplicity","floor":24,"damage_taken":0}],"boss_relics":[{"not_picked":["Philosopher\u0027s Stone","Calling Bell"],"picked":"Lizard Tail"}],"potions_floor_spawned":[5,10,11,14,18,21],"seed_played":"-8290523365117802839","killed_by":"Collector","ascension_level":0,"is_trial":false}