{"path_per_floor":["M","?","$","M","M","R","E","M","T","M","R","M","?","$","R"],"character_chosen":"THE_SILENT","items_purchased":["Prepared","Acrobatics"],"gold_per_floor":[117,117,68,81,92,92,126,143,191,204,204,223,188,88,88,88],"floor_reached":16,"campfire_rested":0,"playtime":1142,"current_hp_per_floor":[70,63,63,63,60,60,29,18,18,15,15,14,31,31,31,0],"items_purged":["Strike_G"],"gold":88,"score":107,"play_id":"2bb77eec-deef-4228-8954-aa42eafedcc2","local_time":"20180417230131","is_prod":false,"is_daily":false,"chose_seed":false,"is_ascension_mode":true,"campfire_upgraded":3,"timestamp":1524031291,"path_taken":["M","?","$","M","?","R","E","M","T","M","R","M","?","?","R","BOSS"],"build_version":"2018-04-12","seed_source_timestamp":126390821332930,"purchased_purges":2,"victory":false,"master_deck":["Defend_G","Defend_G","Defend_G","Defend_G","Defend_G","Strike_G","Strike_G","Strike_G","Survivor","Neutralize","Backflip","Prepared","Eviscerate+1","Acrobatics","PiercingWail","Concentrate+1","Prepared","Setup+1","Acrobatics"],"max_hp_per_floor":[70,70,70,70,70,70,70,70,70,70,70,70,70,70,70,70],"relics":["Runic Pyramid","Darkstone Periapt","Juzu Bracelet"],"card_choices":[{"not_picked":["Poisoned Stab","Flying Knee"],"picked":"Backflip","floor":1},{"not_picked":["Endless Agony","Terror"],"picked":"Eviscerate","floor":4},{"not_picked":["Bane","Riddle With Holes"],"picked":"Acrobatics","floor":5},{"not_picked":["Bane","Dagger Spray"],"picked":"PiercingWail","floor":7},{"not_picked":["Infinite Blades","Quick Slash"],"picked":"Concentrate","floor":8},{"not_picked":["Leg Sweep","Dagger Spray"],"picked":"Prepared","floor":10},{"not_picked":["Poisoned Stab","Predator"],"picked":"Setup","floor":12}],"player_experience":87759,"potions_floor_usage":[10,16],"damage_taken":[{"damage":0,"enemies":"Cultist","floor":1,"turns":5},{"damage":0,"enemies":"2 Louse","floor":4,"turns":3},{"damage":3,"enemies":"Jaw Worm","floor":5,"turns":5},{"damage":31,"enemies":"3 Sentries","floor":7,"turns":20},{"damage":11,"enemies":"Lots of Slimes","floor":8,"turns":9},{"damage":3,"enemies":"3 Louse","floor":10,"turns":3},{"damage":1,"enemies":"Gremlin Gang","floor":12,"turns":9},{"damage":31,"enemies":"Hexaghost","floor":16,"turns":14}],"event_choices":[{"event_name":"Golden Wing","player_choice":"Card Removal","floor":2,"damage_taken":0},{"event_name":"The Cleric","player_choice":"Healed","floor":13,"damage_taken":0}],"boss_relics":[],"potions_floor_spawned":[5,8],"seed_played":"-2718356685221241524","killed_by":"Hexaghost","ascension_level":1,"is_trial":false}