{"path_per_floor":["M","$","?","$","?","R","?","R","T","?","M","E","R","M","R","B",null,"M","?","?","M","M","R"],"character_chosen":"IRONCLAD","items_purchased":[],"gold_per_floor":[119,44,44,44,44,44,44,44,44,44,55,80,80,98,98,196,196,208,208,208,227,239,239],"floor_reached":24,"campfire_rested":1,"playtime":1120,"current_hp_per_floor":[76,76,60,60,60,60,53,77,77,77,77,62,62,62,62,4,80,70,70,55,42,25,25],"items_purged":["Defend_R"],"gold":239,"score":221,"play_id":"b47f46e8-15bf-4d02-863c-a1cfa7e8d092","is_prod":false,"is_daily":false,"is_ascension_mode":true,"campfire_upgraded":4,"path_taken":["M","$","?","$","?","R","?","R","T","?","?","E","R","M","R","BOSS","M","?","?","M","?","R","M"],"build_version":"2018-02-15-PROD1","purchased_purges":1,"victory":false,"master_deck":["Bash+1","Havoc+1","Spot Weakness","Heavy Blade+1","Berserk","Metallicize","Pommel Strike","Body Slam","Sword Boomerang","Pummel","Iron Wave","Power Through","Perfected Strike","Burning Pact","Whirlwind+1"],"max_hp_per_floor":[80,80,80,80,80,80,80,80,80,80,80,80,80,80,80,80,80,80,80,85,85,85,85],"relics":["Philosopher\u0027s Stone","Toolbox","Blue Candle","Bird Faced Urn","The Courier","Pandora\u0027s Box"],"card_choices":[{"not_picked":["Sever Soul","Blood for Blood"],"picked":"Havoc"},{"not_picked":["Ghostly Armor","Clothesline"],"picked":"Spot Weakness"},{"not_picked":["Evolve","Entrench"],"picked":"Heavy Blade"},{"not_picked":["Barricade","Juggernaut"],"picked":"Berserk"},{"not_picked":["Sentinel","Clothesline"],"picked":"Burning Pact"},{"not_picked":["Warcry","Heavy Blade"],"picked":"Whirlwind"}],"player_experience":240284,"potions_floor_usage":[16,21],"damage_taken":[{"damage":4,"enemies":"2 Louse","floor":1,"turns":2},{"damage":0,"enemies":"Jaw Worm","floor":11,"turns":3},{"damage":17,"enemies":"Gremlin Nob","floor":12,"turns":3},{"damage":0,"enemies":"Cultist","floor":14,"turns":2},{"damage":58,"enemies":"Hexaghost","floor":16,"turns":7},{"damage":10,"enemies":"Spheric Guardian","floor":18,"turns":3},{"damage":13,"enemies":"Shell Parasite","floor":21,"turns":2},{"damage":21,"enemies":"3 Cultists","floor":22,"turns":4},{"damage":32,"enemies":"Snake Plant","floor":24,"turns":2}],"event_choices":[{"event_name":"Shining Light","player_choice":"Entered Light","floor":3,"damage_taken":0},{"event_name":"Accursed Blacksmith","player_choice":"Rummage","floor":5,"damage_taken":0},{"event_name":"Scrap Ooze","player_choice":"success","floor":7,"damage_taken":7},{"event_name":"The Cleric","player_choice":"Leave","floor":10,"damage_taken":0},{"event_name":"Drug Dealer","player_choice":"Ignored","floor":19,"damage_taken":0},{"event_name":"Forgotten Altar","player_choice":"Shed Blood","floor":20,"damage_taken":0}],"boss_relics":[{"not_picked":["Black Star","Orrery"],"picked":"Pandora\u0027s Box"}],"potions_floor_spawned":[1,14,18,21],"seed_played":"-2552772880487952007","killed_by":"Snake Plant","ascension_level":3,"is_trial":false}