{"path_per_floor":["M","?","?","?","M","E","M","R","T","R","T","M","R","E","R","B",null,"M","?","?","$","M","R","E","R","T","M","?","?","$","M","R","B",null,"M","?","$","M","?","R","E","R","T","R","$","M"],"character_chosen":"IRONCLAD","items_purchased":["Lantern","Strength Potion","Immolate"],"gold_per_floor":[110,110,110,110,126,158,176,176,176,176,176,192,192,223,223,328,328,342,342,342,115,133,133,159,159,238,255,170,170,121,135,135,235,235,245,245,145,156,156,156,187,187,187,187,56,70],"floor_reached":47,"campfire_rested":1,"playtime":2367,"current_hp_per_floor":[80,80,80,85,85,85,83,83,83,83,83,85,85,55,55,44,85,82,82,82,82,85,85,53,53,53,40,40,40,40,44,44,40,85,81,70,70,60,60,60,30,70,70,70,70,57],"items_purged":["Normality","Combust","Injury"],"gold":70,"score":542,"play_id":"db4eee03-154a-4332-9c99-41a7e649e237","is_prod":false,"is_daily":false,"is_ascension_mode":true,"campfire_upgraded":9,"path_taken":["M","?","?","?","M","E","M","R","T","R","?","?","R","E","R","BOSS","M","?","?","$","M","R","E","R","T","M","?","?","?","M","R","BOSS","M","?","$","M","?","R","E","R","T","R","?","M","E"],"build_version":"2018-02-15-PROD1","purchased_purges":3,"victory":false,"master_deck":["Strike_R","Strike_R","Strike_R","Strike_R","Strike_R","Defend_R","Defend_R+1","Defend_R+1","Bash+1","Clash+1","Metallicize","Sever Soul","Evolve+1","Combust+1","Disarm+1","Demon Form+1","Perfected Strike+1","Inflame+1","Clash","Wild Strike+1","Havoc+1","Whirlwind+1","Madness+1","Power Through+1","Thunderclap+1","Sword Boomerang+1","Immolate"],"max_hp_per_floor":[80,80,80,85,85,85,85,85,85,85,85,85,85,85,85,85,85,85,85,85,85,85,85,85,85,85,85,85,85,85,85,85,85,85,85,85,85,85,85,85,85,85,85,85,85,85],"relics":["Burning Blood","NeowsBlessing","War Paint","Mummified Hand","Torii","Orichalcum","Prayer Wheel","Mark of Pain","Lantern","Blue Candle","Matryoshka","Art of War","Cursed Key","Regal Pillow","Smiling Mask","Dream Catcher"],"card_choices":[{"not_picked":["Twin Strike","Warcry"],"picked":"Clash"},{"not_picked":["Rage","Warcry"],"picked":"Sever Soul"},{"not_picked":["Twin Strike","Cleave"],"picked":"Evolve"},{"not_picked":["Pummel","Dropkick"],"picked":"Combust"},{"not_picked":["Hemokinesis","Second Wind"],"picked":"Disarm"},{"not_picked":["Bludgeon","Impervious"],"picked":"Demon Form"},{"not_picked":["Iron Wave","True Grit"],"picked":"Perfected Strike"},{"not_picked":["Clothesline","Body Slam"],"picked":"Clash"},{"not_picked":["Pommel Strike","Flex"],"picked":"Wild Strike"},{"not_picked":["Headbutt","Battle Trance"],"picked":"Havoc"},{"not_picked":["Dual Wield","Body Slam"],"picked":"Combust"},{"not_picked":["Perfected Strike","Infernal Blade"],"picked":"Whirlwind"},{"not_picked":["Metallicize","Bloodletting"],"picked":"Power Through"},{"not_picked":["Brutality","Wild Strike"],"picked":"Thunderclap"},{"not_picked":["Headbutt","Anger"],"picked":"Sword Boomerang"}],"player_experience":258615,"potions_floor_usage":[47],"damage_taken":[{"damage":0.0,"enemies":"Jaw Worm","floor":1.0,"turns":1.0},{"damage":0.0,"enemies":"Cultist","floor":5.0,"turns":1.0},{"damage":0.0,"enemies":"3 Sentries","floor":6.0,"turns":1.0},{"damage":8.0,"enemies":"Small Slimes","floor":7.0,"turns":3.0},{"damage":2.0,"enemies":"Red Slaver","floor":12.0,"turns":5.0},{"damage":36.0,"enemies":"Lagavulin","floor":14.0,"turns":6.0},{"damage":17.0,"enemies":"The Guardian","floor":16.0,"turns":9.0},{"damage":9.0,"enemies":"Shell Parasite","floor":18.0,"turns":4.0},{"damage":3.0,"enemies":"2 Thieves","floor":22.0,"turns":4.0},{"damage":38.0,"enemies":"Gremlin Leader","floor":24.0,"turns":5.0},{"damage":19.0,"enemies":"Centurion and Healer","floor":27.0,"turns":3.0},{"damage":2.0,"enemies":"3 Cultists","floor":31.0,"turns":5.0},{"damage":22.0,"enemies":"Collector","floor":33.0,"turns":6.0},{"damage":10.0,"enemies":"Orb Walker","floor":35.0,"turns":3.0},{"damage":16.0,"enemies":"3 Shapes","floor":38.0,"turns":4.0},{"damage":36.0,"enemies":"Giant Head","floor":41.0,"turns":7.0},{"damage":19.0,"enemies":"Maw","floor":46.0,"turns":6.0},{"damage":68,"enemies":"2 Orb Walkers","floor":47,"turns":3}],"event_choices":[{"event_name":"Accursed Blacksmith","player_choice":"Rummage","floor":2.0,"damage_taken":0.0},{"event_name":"Transmorgrifier","player_choice":"Transform","floor":3.0,"damage_taken":0.0},{"event_name":"Big Fish","player_choice":"Donut","floor":4.0,"damage_taken":0.0},{"event_name":"Drug Dealer","player_choice":"Ignored","floor":19.0,"damage_taken":0.0},{"event_name":"The Library","player_choice":"Read","floor":20.0,"damage_taken":0.0},{"event_name":"Addict","player_choice":"Obtained Relic","floor":28.0,"damage_taken":0.0},{"event_name":"Beggar","player_choice":"Ignored","floor":29.0,"damage_taken":0.0},{"event_name":"Winding Halls","player_choice":"Embrace Madness","floor":36.0,"damage_taken":0.0}],"boss_relics":[],"potions_floor_spawned":[6,12,14,16,18,22,33,41],"seed_played":"-6652500182565051427","killed_by":"2 Orb Walkers","ascension_level":4,"is_trial":false}