{"path_per_floor":["M","?","$","?","M","E","M","R","T","$","R","M","R","E","R","B",null,"M","?","$","?","M","R","$","R","T","E","R","$","M","M","R","B",null,"M","M","$","?","M","E","R","M","T","R","?","?","$","E","R"],"character_chosen":"IRONCLAD","items_purchased":["Singing Bowl","Vajra"],"gold_per_floor":[115,65,65,65,76,106,119,119,119,44,44,63,63,97,97,196,196,215,215,215,215,235,235,89,89,89,120,120,120,139,149,149,249,249,264,282,136,136,146,176,176,192,192,192,192,192,92,125,125],"floor_reached":50,"campfire_rested":5,"playtime":2455,"current_hp_per_floor":[78,78,78,71,77,94,94,94,94,94,94,86,86,57,85,46,82,74,74,74,74,72,72,72,72,72,76,76,76,77,60,89,56,88,94,100,100,100,102,58,88,39,39,69,69,95,95,49,80],"items_purged":["Defend_R","Writhe"],"gold":125,"score":794,"play_id":"5e888ec4-3de8-4cdd-a125-44899d23e4bd","local_time":"20180313234545","is_prod":false,"is_daily":false,"is_ascension_mode":true,"campfire_upgraded":6,"timestamp":1520973945,"path_taken":["M","?","$","?","M","E","M","R","T","$","R","M","R","E","R","BOSS","M","?","$","?","M","R","$","R","T","E","R","$","M","M","R","BOSS","M","M","$","?","M","E","R","M","T","R","?","?","$","E","R","BOSS"],"build_version":"2018-03-09","purchased_purges":5,"victory":false,"master_deck":["Strike_R","Strike_R","Strike_R","Defend_R","Defend_R","Defend_R","Bash+1","Twin Strike+1","Spot Weakness+1","Inflame+1","Twin Strike+1","Offering+1","Twin Strike+1","Shrug It Off+1","Pommel Strike+1","Whirlwind+1","Fiend Fire+1","Heavy Blade+1","Pummel+1","Headbutt+1"],"max_hp_per_floor":[80,80,80,80,80,94,94,94,94,94,94,94,94,94,94,94,94,94,94,94,94,94,94,94,94,94,96,96,96,98,98,98,98,98,98,100,100,100,102,102,102,102,102,102,102,102,102,104,104],"relics":["Burning Blood","NeowsBlessing","Mango","Molten Egg 2","Ginger","Sozu","Singing Bowl","Gambling Chip","Art of War","Runic Dome","Vajra","Blood Vial","Ice Cream","Unceasing Top"],"card_choices":[{"not_picked":["Iron Wave","Dropkick"],"picked":"Twin Strike"},{"not_picked":["Sentinel","Clothesline"],"picked":"Perfected Strike"},{"not_picked":["Sword Boomerang","Intimidate"],"picked":"Spot Weakness"},{"not_picked":["Dropkick","Corruption"],"picked":"Inflame"},{"not_picked":["Body Slam","Seeing Red"],"picked":"Twin Strike"},{"not_picked":["Exhume","Brutality"],"picked":"Offering"},{"not_picked":["Spot Weakness","Wild Strike"],"picked":"Twin Strike"},{"not_picked":["Entrench","Reckless Charge"],"picked":"Pommel Strike"},{"not_picked":["Battle Trance","Spot Weakness"],"picked":"Whirlwind"},{"not_picked":["Barricade","Juggernaut"],"picked":"Fiend Fire"},{"not_picked":["Cleave","Perfected Strike"],"picked":"Heavy Blade"},{"not_picked":["True Grit","Sword Boomerang"],"picked":"Pummel"},{"not_picked":["Wild Strike","Entrench"],"picked":"Headbutt"}],"player_experience":305118,"potions_floor_usage":[50,50],"damage_taken":[{"damage":0.0,"enemies":"Jaw Worm","floor":1.0,"turns":1.0},{"damage":0.0,"enemies":"2 Louse","floor":5.0,"turns":1.0},{"damage":0.0,"enemies":"Gremlin Nob","floor":6.0,"turns":1.0},{"damage":6.0,"enemies":"Cultist","floor":7.0,"turns":3.0},{"damage":14.0,"enemies":"3 Louse","floor":12.0,"turns":4.0},{"damage":35.0,"enemies":"Lagavulin","floor":14.0,"turns":4.0},{"damage":45.0,"enemies":"The Guardian","floor":16.0,"turns":7.0},{"damage":14.0,"enemies":"Shell Parasite","floor":18.0,"turns":3.0},{"damage":8.0,"enemies":"3 Byrds","floor":22.0,"turns":3.0},{"damage":4.0,"enemies":"Gremlin Leader","floor":27.0,"turns":2.0},{"damage":7.0,"enemies":"Centurion and Healer","floor":30.0,"turns":3.0},{"damage":23.0,"enemies":"Snake Plant","floor":31.0,"turns":2.0},{"damage":39.0,"enemies":"Collector","floor":33.0,"turns":6.0},{"damage":0.0,"enemies":"3 Shapes","floor":35.0,"turns":2.0},{"damage":0.0,"enemies":"Orb Walker","floor":36.0,"turns":2.0},{"damage":4.0,"enemies":"3 Darklings","floor":39.0,"turns":1.0},{"damage":50.0,"enemies":"2 Orb Walkers","floor":40.0,"turns":3.0},{"damage":57.0,"enemies":"4 Shapes","floor":42.0,"turns":2.0},{"damage":56.0,"enemies":"Nemesis","floor":48.0,"turns":5.0},{"damage":82,"enemies":"Awakened One","floor":50,"turns":3}],"event_choices":[{"event_name":"The Cleric","player_choice":"Card Removal","floor":2.0,"damage_taken":0.0},{"event_name":"Golden Wing","player_choice":"Card Removal","floor":4.0,"damage_taken":0.0},{"event_name":"The Library","player_choice":"Read","floor":19.0,"damage_taken":0.0},{"event_name":"Drug Dealer","player_choice":"Ignored","floor":21.0,"damage_taken":0.0},{"event_name":"Mysterious Sphere","player_choice":"Ignore","floor":45.0,"damage_taken":0.0},{"event_name":"Winding Halls","player_choice":"Writhe","floor":46.0,"damage_taken":0.0}],"boss_relics":[],"potions_floor_spawned":[5,7,12,18,22,31,35,39,42],"seed_played":"4145558722923101587","killed_by":"Awakened One","ascension_level":8,"is_trial":false}