{"path_per_floor":["M","M","?","M","$","E","R","M","T","R","M","$","?","?","R","B",null,"M","?","?","?","?","R","E","R","T","R","E","$","?","T","R","B",null,"M","$","?","?","?","R","?","R","T","R","M","R","M","M","R","B"],"character_chosen":"IRONCLAD","items_purchased":["Inflame","Mummified Hand"],"gold_per_floor":[113,123,123,135,60,85,85,100,100,100,114,47,75,175,175,271,271,285,285,285,285,235,235,270,270,295,295,323,65,65,92,92,197,197,210,110,0,0,0,0,0,0,48,48,59,59,72,88,88,88],"floor_reached":51,"campfire_rested":5,"playtime":3823,"current_hp_per_floor":[78,80,85,85,82,55,55,51,51,51,51,51,43,43,67,61,77,66,66,66,50,50,50,24,48,48,48,19,19,19,19,43,28,69,14,14,14,14,72,72,63,63,63,63,54,72,75,64,78,10],"items_purged":["Parasite","Decay"],"gold":88,"score":963,"play_id":"0d71bc14-cfc6-4f6f-811f-16e6e03bb18f","local_time":"20180316140402","is_prod":false,"is_daily":false,"is_ascension_mode":true,"campfire_upgraded":7,"timestamp":1521198242,"path_taken":["M","?","?","M","?","E","R","M","T","R","M","$","?","?","R","BOSS","M","?","?","?","?","R","E","R","T","R","E","$","?","?","R","BOSS","M","$","?","?","?","R","?","R","T","R","M","R","M","M","R","BOSS"],"build_version":"2018-03-15","purchased_purges":2,"victory":true,"master_deck":["Strike_R","Strike_R","Strike_R","Strike_R","Strike_R","Defend_R","Defend_R","Defend_R","Defend_R","Bash+1","Twin Strike","Metallicize","Flex+1","Limit Break+1","Inflame+1","Pommel Strike+1","Limit Break+1","Necronomicurse","Sword Boomerang+1","Inflame+1","Sword Boomerang","Entrench+1","Limit Break+1","Madness","Madness","Feed","Heavy Blade","Shockwave","Shrug It Off+1","Headbutt+1"],"max_hp_per_floor":[80,80,85,85,82,82,82,82,82,82,82,82,82,82,82,82,82,82,82,82,82,82,82,82,82,82,82,82,82,82,82,82,82,82,82,82,82,82,72,72,72,72,72,72,72,72,75,78,78,81],"relics":["Burning Blood","NeowsBlessing","Juzu Bracelet","Thread and Needle","Odd Mushroom","Sozu","Necronomicon","Matryoshka","Pen Nib","Prayer Wheel","Oddly Smooth Stone","Mummified Hand","Blood Vial","Dream Catcher","Runic Pyramid","Red Mask","Bronze Scales"],"card_choices":[{"not_picked":["Sever Soul","Clothesline"],"picked":"Twin Strike"},{"not_picked":["Twin Strike","Ghostly Armor"],"picked":"Metallicize"},{"not_picked":["Hemokinesis","Reckless Charge"],"picked":"Flex"},{"not_picked":["Dropkick","Bloodletting"],"picked":"Limit Break"},{"not_picked":["Perfected Strike","Clothesline"],"picked":"Pommel Strike"},{"not_picked":["Brutality","Impervious"],"picked":"Limit Break"},{"not_picked":["Body Slam","Limit Break"],"picked":"Sword Boomerang"},{"not_picked":["Cleave","Fire Breathing"],"picked":"Inflame"},{"not_picked":["Pommel Strike","Reckless Charge"],"picked":"Sword Boomerang"},{"not_picked":["Corruption","Body Slam"],"picked":"Entrench"},{"not_picked":["Intimidate","Carnage"],"picked":"Feed"},{"not_picked":["Body Slam","Second Wind"],"picked":"Heavy Blade"},{"not_picked":["Pommel Strike","Shrug It Off"],"picked":"Shockwave"},{"not_picked":["Dual Wield","Cleave"],"picked":"Shrug It Off"},{"not_picked":["Combust","Thunderclap"],"picked":"Headbutt"}],"player_experience":332622,"potions_floor_usage":[],"damage_taken":[{"damage":0.0,"enemies":"Cultist","floor":1.0,"turns":1.0},{"damage":0.0,"enemies":"Small Slimes","floor":2.0,"turns":1.0},{"damage":0.0,"enemies":"Jaw Worm","floor":4.0,"turns":1.0},{"damage":33.0,"enemies":"Gremlin Nob","floor":6.0,"turns":5.0},{"damage":10.0,"enemies":"Blue Slaver","floor":8.0,"turns":5.0},{"damage":6.0,"enemies":"Exordium Wildlife","floor":11.0,"turns":6.0},{"damage":14.0,"enemies":"The Mushroom Lair","floor":13.0,"turns":4.0},{"damage":12.0,"enemies":"The Guardian","floor":16.0,"turns":9.0},{"damage":17.0,"enemies":"Shell Parasite","floor":18.0,"turns":5.0},{"damage":32.0,"enemies":"Book of Stabbing","floor":24.0,"turns":5.0},{"damage":35.0,"enemies":"Gremlin Leader","floor":28.0,"turns":7.0},{"damage":23.0,"enemies":"Automaton","floor":33.0,"turns":6.0},{"damage":63.0,"enemies":"3 Darklings","floor":35.0,"turns":5.0},{"damage":17.0,"enemies":"Orb Walker","floor":45.0,"turns":4.0},{"damage":4.0,"enemies":"Maw","floor":47.0,"turns":6.0},{"damage":20.0,"enemies":"4 Shapes","floor":48.0,"turns":5.0},{"damage":77,"enemies":"Awakened One","floor":50,"turns":6}],"event_choices":[{"event_name":"Big Fish","player_choice":"Donut","floor":3.0,"damage_taken":0.0},{"event_name":"Mushrooms","player_choice":"Fought Mushrooms","floor":13.0,"damage_taken":0.0},{"event_name":"Golden Shrine","player_choice":"Pray","floor":14.0,"damage_taken":0.0},{"event_name":"The Lab","player_choice":"Got Potions","floor":19.0,"damage_taken":0.0},{"event_name":"Forgotten Altar","player_choice":"Smashed Altar","floor":20.0,"damage_taken":0.0},{"event_name":"Cursed Tome","player_choice":"Obtained Book","floor":21.0,"damage_taken":0.0},{"event_name":"The Joust","player_choice":"Bet on Murderer","floor":22.0,"damage_taken":0.0},{"event_name":"Addict","player_choice":"Ignored","floor":30.0,"damage_taken":0.0},{"event_name":"Tomb of Lord Red Mask","player_choice":"Paid","floor":37.0,"damage_taken":0.0},{"event_name":"Duplicator","player_choice":"One dupe","floor":38.0,"damage_taken":0.0},{"event_name":"The Moai Head","player_choice":"Heal","floor":39.0,"damage_taken":0.0},{"event_name":"Winding Halls","player_choice":"Embrace Madness","floor":41.0,"damage_taken":0.0}],"boss_relics":[],"potions_floor_spawned":[4,6,8,13,18,24,48],"seed_played":"3911994944532713550","ascension_level":10,"is_trial":false}