{"path_per_floor":["M","$","?","?","M","E","R","E","T","R","M","T","M","E","R","B",null,"M","M","?","$","?","R","M","E","T","M","E","M","R","?","R","B",null,"M","M","$","M","M","R","E","R","T","R","T","M","M","$","R","B"],"character_chosen":"IRONCLAD","items_purchased":["Headbutt","True Grit","Bottled Lightning","Shuriken","Bag of Marbles"],"gold_per_floor":[112,42,42,42,62,95,95,124,124,124,137,137,151,181,181,279,279,298,309,309,63,63,63,73,107,107,126,152,171,171,171,171,275,275,285,296,48,61,74,74,99,99,169,169,169,183,202,48,48,48],"floor_reached":51,"campfire_rested":4,"playtime":3232,"current_hp_per_floor":[69,69,69,62,63,47,47,38,52,52,55,55,61,59,59,34,79,79,85,85,85,85,85,84,74,74,80,60,39,67,67,94,69,88,74,57,57,55,55,83,71,71,81,81,81,86,65,65,96,17],"items_purged":[],"gold":48,"score":1080,"play_id":"9095b22b-54de-46d7-be8f-4bb9ccb9f94e","local_time":"20180314144236","is_prod":false,"is_daily":false,"is_ascension_mode":true,"campfire_upgraded":6,"timestamp":1521027756,"path_taken":["M","$","?","?","M","E","R","E","T","R","M","?","M","E","R","BOSS","M","M","?","$","?","R","M","E","T","?","E","M","R","?","R","BOSS","M","M","$","M","M","R","E","R","T","R","?","M","?","?","R","BOSS"],"build_version":"2018-03-09","purchased_purges":0,"victory":true,"master_deck":["Strike_R+1","Strike_R+1","Strike_R+1","Strike_R+1","Defend_R+1","Defend_R+1","Defend_R+1","Defend_R+1","Bash+1","Demon Form+1","Iron Wave","Headbutt","True Grit+1","Power Through+1","Armaments+1","Flex+1","Twin Strike","Uppercut+1","Heavy Blade+1","Battle Trance+1","Pummel+1","Burning Pact+1","Offering","Rage+1","Metallicize","Headbutt+1","Heavy Blade+1","Shrug It Off+1"],"max_hp_per_floor":[80,80,80,80,80,80,80,80,94,94,94,94,94,94,94,94,94,94,94,94,94,94,94,94,94,94,94,94,94,94,94,94,94,94,94,94,94,94,94,94,94,94,104,104,104,104,104,104,104,104],"relics":["Burning Blood","Bag of Preparation","Red Skull","Lantern","Mango","Matryoshka","Toolbox","Velvet Choker","Bottled Lightning","Gremlin Horn","Anchor","Darkstone Periapt","Pen Nib","Question Card","Shuriken","Ornamental Fan","Blood Vial","Pear","Gambling Chip","Bag of Marbles"],"card_choices":[{"not_picked":["Wild Strike","Warcry"],"picked":"Iron Wave"},{"not_picked":["Iron Wave","Sever Soul"],"picked":"Power Through"},{"not_picked":["Havoc","Body Slam"],"picked":"Armaments"},{"not_picked":["Hemokinesis","Wild Strike"],"picked":"Flex"},{"not_picked":["Perfected Strike","Clash"],"picked":"Twin Strike"},{"not_picked":["Double Tap","Cleave"],"picked":"Uppercut"},{"not_picked":["Bloodletting","Thunderclap"],"picked":"Heavy Blade"},{"not_picked":["Body Slam","Entrench"],"picked":"Battle Trance"},{"not_picked":["Havoc","Fire Breathing"],"picked":"Pummel"},{"not_picked":["Clothesline","Havoc"],"picked":"Burning Pact"},{"not_picked":["Iron Wave","Flex"],"picked":"Offering"},{"not_picked":["Clothesline","Heavy Blade"],"picked":"Rage"},{"not_picked":["Dual Wield","Twin Strike","Clash"],"picked":"Headbutt"},{"not_picked":["Rupture","Evolve","Sword Boomerang"],"picked":"Heavy Blade"},{"not_picked":["Reckless Charge","Cleave","Perfected Strike"],"picked":"Shrug It Off"}],"player_experience":313619,"potions_floor_usage":[50,50,50],"damage_taken":[{"damage":9.0,"enemies":"2 Louse","floor":1.0,"turns":3.0},{"damage":5.0,"enemies":"Cultist","floor":5.0,"turns":4.0},{"damage":22.0,"enemies":"3 Sentries","floor":6.0,"turns":8.0},{"damage":15.0,"enemies":"Lagavulin","floor":8.0,"turns":6.0},{"damage":3.0,"enemies":"Small Slimes","floor":11.0,"turns":3.0},{"damage":0.0,"enemies":"3 Louse","floor":13.0,"turns":3.0},{"damage":8.0,"enemies":"3 Sentries","floor":14.0,"turns":7.0},{"damage":31.0,"enemies":"Hexaghost","floor":16.0,"turns":7.0},{"damage":6.0,"enemies":"2 Thieves","floor":18.0,"turns":4.0},{"damage":0.0,"enemies":"Chosen","floor":19.0,"turns":3.0},{"damage":7.0,"enemies":"Centurion and Healer","floor":24.0,"turns":3.0},{"damage":16.0,"enemies":"Book of Stabbing","floor":25.0,"turns":4.0},{"damage":0.0,"enemies":"3 Cultists","floor":27.0,"turns":4.0},{"damage":26.0,"enemies":"Gremlin Leader","floor":28.0,"turns":3.0},{"damage":27.0,"enemies":"Slaver and Parasite","floor":29.0,"turns":5.0},{"damage":31.0,"enemies":"Champ","floor":33.0,"turns":8.0},{"damage":20.0,"enemies":"Orb Walker","floor":35.0,"turns":4.0},{"damage":23.0,"enemies":"3 Shapes","floor":36.0,"turns":5.0},{"damage":8.0,"enemies":"3 Darklings","floor":38.0,"turns":6.0},{"damage":6.0,"enemies":"4 Shapes","floor":39.0,"turns":8.0},{"damage":18.0,"enemies":"Giant Head","floor":41.0,"turns":5.0},{"damage":3.0,"enemies":"Sphere and 2 Shapes","floor":46.0,"turns":4.0},{"damage":29.0,"enemies":"Maw","floor":47.0,"turns":5.0},{"damage":102,"enemies":"Awakened One","floor":50,"turns":9}],"event_choices":[{"event_name":"Living Wall","player_choice":"Grow","floor":3.0,"damage_taken":0.0},{"event_name":"Scrap Ooze","player_choice":"success","floor":4.0,"damage_taken":7.0},{"event_name":"Back to Basics","player_choice":"Simplicity","floor":20.0,"damage_taken":0.0},{"event_name":"Upgrade Shrine","player_choice":"Upgraded","floor":22.0,"damage_taken":0.0},{"event_name":"Transmorgrifier","player_choice":"Transform","floor":31.0,"damage_taken":0.0}],"boss_relics":[],"potions_floor_spawned":[6,8,13,18,24,27,33,36,46,47],"seed_played":"-6564996891952459873","ascension_level":9,"is_trial":false}