{"path_per_floor":["M","?","M","$","M","R","M","E","T","R","E","?","R","M","R","B",null,"M","$","?","M","M","E","R","?","T","M","$","R","M","$","R","B",null,"M","M","M","$","M","R","E","$","T","?","M","M","?","M","R","B"],"character_chosen":"IRONCLAD","items_purchased":["Clash","Blood Vial","Medical Kit","Metallicize","Shockwave","Block Potion"],"gold_per_floor":[109,109,122,68,82,82,97,128,128,128,161,161,161,174,174,267,267,286,140,65,85,99,132,132,132,432,448,177,177,196,118,118,217,217,236,250,271,79,92,92,130,5,28,28,44,59,59,73,73,73],"floor_reached":51,"campfire_rested":3,"playtime":2622,"current_hp_per_floor":[71,51,55,55,61,61,54,47,47,47,34,27,66,75,75,54,74,72,72,72,70,46,50,50,50,50,35,35,74,76,76,76,41,75,81,49,28,28,25,67,52,52,52,76,65,76,76,73,73,22],"items_purged":["Strike_R","Second Wind","Strike_R"],"gold":73,"score":1162,"play_id":"d35a8a58-a52c-44da-bedf-a8e0ffe299a3","local_time":"20180323162551","is_prod":false,"is_daily":false,"is_ascension_mode":true,"campfire_upgraded":6,"timestamp":1521811551,"path_taken":["M","?","M","$","M","R","?","E","T","R","E","?","R","M","R","BOSS","M","$","?","?","M","E","R","?","T","?","$","R","M","$","R","BOSS","M","M","?","$","M","R","E","$","T","?","M","M","?","M","R","BOSS"],"build_version":"2018-03-22","purchased_purges":3,"victory":true,"master_deck":["Strike_R","Strike_R","Bash+1","Pommel Strike+1","Clash","Twin Strike","Double Tap+1","Fiend Fire","Feel No Pain+1","Carnage+1","Clash+1","True Grit+1","Demon Form+1","Metallicize","Disarm","Shockwave","Writhe","Uppercut+1"],"max_hp_per_floor":[80,80,80,80,80,80,80,80,80,80,80,80,80,80,80,80,80,80,80,80,80,80,82,82,82,82,82,82,82,84,84,84,86,86,86,88,90,90,92,92,94,94,94,94,96,98,98,100,100,100],"relics":["Burning Blood","Golden Idol","Regal Pillow","Magic Flower","Mercury Hourglass","Astrolabe","Blood Vial","Singing Bowl","Old Coin","Medical Kit","Runic Cube","Bronze Scales","Juzu Bracelet"],"card_choices":[{"not_picked":["Anger","Seeing Red"],"picked":"Clash","floor":1.0},{"not_picked":["Wild Strike","Berserk"],"picked":"Pommel Strike","floor":3.0},{"not_picked":["Disarm","Bloodletting"],"picked":"Twin Strike","floor":7.0},{"not_picked":["Berserk","Body Slam"],"picked":"Second Wind","floor":8.0},{"not_picked":["Combust","Heavy Blade"],"picked":"Double Tap","floor":11.0},{"not_picked":["Berserk","Bludgeon"],"picked":"Fiend Fire","floor":16.0},{"not_picked":["Searing Blow","Twin Strike"],"picked":"True Grit","floor":18.0},{"not_picked":["Pommel Strike","Cleave"],"picked":"Demon Form","floor":27.0},{"not_picked":["Warcry","Combust"],"picked":"Disarm","floor":35.0}],"player_experience":428948,"potions_floor_usage":[45,50,50,50],"damage_taken":[{"damage":7.0,"enemies":"Small Slimes","floor":1.0,"turns":4.0},{"damage":2.0,"enemies":"Jaw Worm","floor":3.0,"turns":2.0},{"damage":0.0,"enemies":"Cultist","floor":5.0,"turns":2.0},{"damage":13.0,"enemies":"Large Slime","floor":7.0,"turns":4.0},{"damage":13.0,"enemies":"Gremlin Nob","floor":8.0,"turns":4.0},{"damage":22.0,"enemies":"3 Sentries","floor":11.0,"turns":7.0},{"damage":0.0,"enemies":"2 Fungi Beasts","floor":14.0,"turns":2.0},{"damage":30.0,"enemies":"Slime Boss","floor":16.0,"turns":8.0},{"damage":11.0,"enemies":"2 Thieves","floor":18.0,"turns":2.0},{"damage":14.0,"enemies":"Shell Parasite","floor":21.0,"turns":2.0},{"damage":36.0,"enemies":"Snecko","floor":22.0,"turns":4.0},{"damage":10.0,"enemies":"Gremlin Leader","floor":23.0,"turns":4.0},{"damage":27.0,"enemies":"Chosen and Byrds","floor":27.0,"turns":5.0},{"damage":12.0,"enemies":"3 Cultists","floor":30.0,"turns":4.0},{"damage":49.0,"enemies":"Champ","floor":33.0,"turns":7.0},{"damage":6.0,"enemies":"3 Shapes","floor":35.0,"turns":7.0},{"damage":46.0,"enemies":"3 Darklings","floor":36.0,"turns":10.0},{"damage":35,"enemies":"Maw","floor":37,"turns":8},{"damage":17,"enemies":"4 Shapes","floor":39,"turns":5},{"damage":29,"enemies":"Giant Head","floor":41,"turns":6},{"damage":25,"enemies":"Sphere and 2 Shapes","floor":45,"turns":5},{"damage":3,"enemies":"Maw","floor":46,"turns":6},{"damage":17,"enemies":"4 Shapes","floor":48,"turns":7},{"damage":63,"enemies":"Time Eater","floor":50,"turns":9}],"event_choices":[{"event_name":"Golden Idol","player_choice":"Take Damage","floor":2.0,"damage_taken":0.0},{"event_name":"Golden Wing","player_choice":"Card Removal","floor":12.0,"damage_taken":0.0},{"event_name":"Beggar","player_choice":"Gave Gold","floor":20.0,"damage_taken":0.0},{"event_name":"Duplicator","player_choice":"Ignored","floor":25.0,"damage_taken":0.0},{"event_name":"Winding Halls","player_choice":"Writhe","floor":44,"damage_taken":0},{"event_name":"Transmorgrifier","player_choice":"Transform","floor":47,"damage_taken":0}],"boss_relics":[],"potions_floor_spawned":[5,7,11,14,22,27,33,35,45,48],"seed_played":"5446297789225599315","ascension_level":13,"is_trial":false}