{"path_per_floor":["M","?","$","M","M","R","E","?","T","M","R","M","$","E","R","B",null,"M","M","M","?","$","R","E","R","T","R","M","?","?","M","R","B",null,"M","?","?","?","$","E","R","M","T","R","M","M","M","$","R","B"],"character_chosen":"IRONCLAD","items_purchased":["Evolve","Pen Nib"],"gold_per_floor":[112,187,187,205,223,223,255,255,282,296,296,312,203,231,231,303,303,303,228,228,228,228,228,228,228,228,228,228,228,228,228,228,228,228,228,208,208,208,1,1,1,1,1,1,1,1,1,1,1,1],"floor_reached":51,"campfire_rested":5,"playtime":2143,"current_hp_per_floor":[74,63,63,69,73,73,69,69,69,60,60,58,58,52,52,22,62,67,48,57,57,57,57,17,39,39,61,38,38,17,36,58,38,66,68,68,68,50,50,15,37,31,31,53,62,75,75,75,75,22],"items_purged":["Decay","Strike_R"],"gold":1,"score":1196,"play_id":"e2038491-14b7-4f9a-bf86-08a766080d7f","local_time":"20180401003817","is_prod":false,"is_daily":false,"is_ascension_mode":true,"campfire_upgraded":5,"timestamp":1522532297,"path_taken":["M","?","?","M","M","R","E","?","T","M","R","M","$","E","R","BOSS","M","M","M","?","$","R","E","R","T","R","M","?","?","?","R","BOSS","M","?","?","?","$","E","R","M","T","R","M","M","M","?","R","BOSS"],"build_version":"2018-03-29v2","purchased_purges":2,"victory":true,"master_deck":["Strike_R+1","Strike_R+1","Strike_R+1","Defend_R+1","Defend_R+1","Defend_R+1","Defend_R+1","Bash+1","AscendersBane","Rage+1","Whirlwind+1","Flex","Headbutt","Evolve+1","Spot Weakness+1","Reaper","Flex","Uppercut+1","Necronomicurse","Double Tap+1","Twin Strike+1","Twin Strike+1"],"max_hp_per_floor":[75,75,75,75,75,75,75,75,75,75,75,75,75,75,75,75,75,75,75,75,75,75,75,75,75,75,75,75,75,75,75,75,75,75,75,75,75,75,75,75,75,75,75,75,75,75,75,75,75,75],"relics":["Burning Blood","Calipers","Happy Flower","Self Forming Clay","Ectoplasm","Smiling Mask","Bird Faced Urn","Necronomicon","Mark of Pain","Torii","Pen Nib","Vajra","Magic Flower"],"card_choices":[{"not_picked":["Sever Soul","Thunderclap"],"picked":"Rage","floor":1.0},{"not_picked":["Wild Strike","Rage"],"picked":"Whirlwind","floor":4.0},{"not_picked":["Combust","Ghostly Armor"],"picked":"Flex","floor":5.0},{"not_picked":["Warcry","Reaper"],"picked":"Headbutt","floor":7.0},{"not_picked":["Twin Strike","Second Wind"],"picked":"Spot Weakness","floor":14.0},{"not_picked":["Juggernaut","Fiend Fire"],"picked":"Reaper","floor":16.0},{"not_picked":["Cleave","Thunderclap"],"picked":"Flex","floor":18.0},{"not_picked":["Clash","Body Slam"],"picked":"Uppercut","floor":28.0},{"not_picked":["Feed","Bludgeon"],"picked":"Double Tap","floor":33.0},{"not_picked":["Dark Embrace","Thunderclap"],"picked":"Twin Strike","floor":46},{"not_picked":["Body Slam","Rampage"],"picked":"Twin Strike","floor":47}],"player_experience":528511,"potions_floor_usage":[40,40,50,50,50],"damage_taken":[{"damage":0.0,"enemies":"2 Louse","floor":1.0,"turns":3.0},{"damage":0.0,"enemies":"Cultist","floor":4.0,"turns":3.0},{"damage":2.0,"enemies":"Small Slimes","floor":5.0,"turns":5.0},{"damage":10.0,"enemies":"Gremlin Nob","floor":7.0,"turns":3.0},{"damage":15.0,"enemies":"Gremlin Gang","floor":10.0,"turns":3.0},{"damage":8.0,"enemies":"Red Slaver","floor":12.0,"turns":4.0},{"damage":12.0,"enemies":"3 Sentries","floor":14.0,"turns":4.0},{"damage":36.0,"enemies":"Slime Boss","floor":16.0,"turns":11.0},{"damage":1.0,"enemies":"Spheric Guardian","floor":18.0,"turns":3.0},{"damage":33.0,"enemies":"2 Thieves","floor":19.0,"turns":5.0},{"damage":19.0,"enemies":"Centurion and Healer","floor":20.0,"turns":6.0},{"damage":46.0,"enemies":"Gremlin Leader","floor":24.0,"turns":7.0},{"damage":31.0,"enemies":"Snecko","floor":28.0,"turns":7.0},{"damage":11.0,"enemies":"3 Cultists","floor":31.0,"turns":4.0},{"damage":44.0,"enemies":"Automaton","floor":33.0,"turns":8.0},{"damage":6.0,"enemies":"Orb Walker","floor":35.0,"turns":3.0},{"damage":26.0,"enemies":"Mysterious Sphere","floor":38.0,"turns":3.0},{"damage":43,"enemies":"Giant Head","floor":40,"turns":7},{"damage":12,"enemies":"3 Shapes","floor":42,"turns":2},{"damage":0,"enemies":"3 Darklings","floor":45,"turns":1},{"damage":29,"enemies":"4 Shapes","floor":46,"turns":16},{"damage":9,"enemies":"Sphere and 2 Shapes","floor":47,"turns":3},{"damage":102,"enemies":"Awakened One","floor":50,"turns":8}],"event_choices":[{"event_name":"World of Goop","player_choice":"Gather Gold","floor":2.0,"damage_taken":0.0},{"event_name":"Wheel of Change","player_choice":"Curse","floor":8.0,"damage_taken":0.0},{"event_name":"Back to Basics","player_choice":"Simplicity","floor":21.0,"damage_taken":0.0},{"event_name":"The Mausoleum","player_choice":"No","floor":29.0,"damage_taken":0.0},{"event_name":"Cursed Tome","player_choice":"Obtained Book","floor":30.0,"damage_taken":0.0},{"event_name":"The Woman in Blue","player_choice":"Bought 1 Potion","floor":36.0,"damage_taken":0.0},{"event_name":"Purifier","player_choice":"One Purge","floor":37.0,"damage_taken":0.0},{"event_name":"Mysterious Sphere","player_choice":"Fight","floor":38.0,"damage_taken":0.0}],"boss_relics":[],"potions_floor_spawned":[1,10,16,24,28,31,45,46,47],"seed_played":"2628049011132900904","ascension_level":15,"is_trial":false}