{"path_per_floor":["M","M","$","M","$","E","M","?","T","?","E","T","R","M","R","B",null,"M","?","?","M","M"],"character_chosen":"IRONCLAD","items_purchased":["Heavy Blade","Spot Weakness"],"gold_per_floor":[118,135,40,59,59,84,102,102,128,128,155,155,155,172,172,245,275,295,210,210,230,242,242],"floor_reached":23,"campfire_rested":0,"playtime":969,"current_hp_per_floor":[73,75,75,73,73,59,65,65,72,72,61,61,61,59,59,23,72,60,60,60,49,41,0],"items_purged":[],"gold":242,"score":352,"play_id":"42ea2a15-049c-4bb6-b327-4cad90997c30","local_time":"20180330134304","is_prod":false,"is_daily":false,"is_ascension_mode":true,"campfire_upgraded":2,"timestamp":1522406584,"path_taken":["M","M","$","?","$","E","M","?","T","?","E","?","R","M","R","BOSS","M","?","?","?","M","E"],"build_version":"2018-03-29v2","purchased_purges":0,"victory":false,"master_deck":["Strike_R+1","Strike_R","Strike_R","Strike_R","Strike_R","Defend_R","Defend_R","Defend_R","Defend_R","Bash+1","AscendersBane","Demon Form","Spot Weakness","Heavy Blade","Spot Weakness","Whirlwind+1","Limit Break+1","Thunderclap+1","Offering","Reaper+1","Shrug It Off","Metallicize","Shrug It Off+1","Headbutt+1"],"max_hp_per_floor":[75,75,75,75,75,75,75,75,82,82,82,82,82,82,82,82,87,87,87,87,87,87,87],"relics":["Burning Blood","Dodecahedron","Strawberry","Molten Egg 2","Bird Faced Urn","Tiny House","Happy Flower"],"card_choices":[{"not_picked":["Wild Strike","Warcry"],"picked":"Demon Form","floor":1.0},{"not_picked":["Flex","Iron Wave"],"picked":"Spot Weakness","floor":2.0},{"not_picked":["Inflame","Reckless Charge"],"picked":"Whirlwind","floor":4.0},{"not_picked":["Dark Embrace","Headbutt"],"picked":"Limit Break","floor":6.0},{"not_picked":["Second Wind","True Grit"],"picked":"Thunderclap","floor":11.0},{"not_picked":["Body Slam","Dual Wield"],"picked":"Offering","floor":14.0},{"not_picked":["Limit Break","Barricade"],"picked":"Reaper","floor":16.0},{"not_picked":["Power Through","Body Slam"],"picked":"Shrug It Off","floor":17.0},{"not_picked":["Headbutt","Clash"],"picked":"Metallicize","floor":18.0},{"not_picked":["Iron Wave","Ghostly Armor"],"picked":"Shrug It Off","floor":21.0},{"not_picked":["Cleave","Spot Weakness"],"picked":"Headbutt","floor":22.0}],"player_experience":509113,"potions_floor_usage":[],"damage_taken":[{"damage":1.0,"enemies":"Cultist","floor":1.0,"turns":3.0},{"damage":0.0,"enemies":"Small Slimes","floor":2.0,"turns":4.0},{"damage":8.0,"enemies":"Jaw Worm","floor":4.0,"turns":4.0},{"damage":20.0,"enemies":"Lagavulin","floor":6.0,"turns":7.0},{"damage":0.0,"enemies":"3 Louse","floor":7.0,"turns":1.0},{"damage":17.0,"enemies":"3 Sentries","floor":11.0,"turns":3.0},{"damage":10.0,"enemies":"Large Slime","floor":14.0,"turns":5.0},{"damage":42.0,"enemies":"Slime Boss","floor":16.0,"turns":4.0},{"damage":18.0,"enemies":"Chosen","floor":18.0,"turns":4.0},{"damage":19.0,"enemies":"2 Thieves","floor":21.0,"turns":2.0},{"damage":24.0,"enemies":"Snecko","floor":22.0,"turns":5.0},{"damage":57,"enemies":"Gremlin Leader","floor":23,"turns":5}],"event_choices":[{"event_name":"Scrap Ooze","player_choice":"unsuccessful","floor":8.0,"damage_taken":0.0},{"event_name":"Shining Light","player_choice":"Ignored","floor":10.0,"damage_taken":0.0},{"event_name":"Addict","player_choice":"Obtained Relic","floor":19.0,"damage_taken":0.0},{"event_name":"The Mausoleum","player_choice":"No","floor":20.0,"damage_taken":0.0}],"boss_relics":[],"potions_floor_spawned":[2,6,14,18],"seed_played":"9214101343849281102","killed_by":"Gremlin Leader","ascension_level":15,"is_trial":false}