{"path_per_floor":["M","$","?","M","M","R","M","R","T","?","M","?","M","M","R","B",null,"M","M","?","$","M","R","M"],"character_chosen":"IRONCLAD","items_purchased":["Whirlwind","Vajra","Rage"],"gold_per_floor":[112,34,34,48,58,58,75,75,98,98,110,185,195,214,214,291,291,308,328,328,27,39,39,50,50],"floor_reached":25,"campfire_rested":2,"playtime":948,"current_hp_per_floor":[60,60,60,62,68,68,64,64,64,64,50,39,29,29,51,28,63,52,39,39,39,36,58,21,0],"items_purged":["Strike_R"],"gold":50,"score":345,"play_id":"6d022cf9-0373-4b4c-a33b-e2834ff3efa3","local_time":"20180414212139","is_prod":false,"is_daily":false,"chose_seed":false,"is_ascension_mode":true,"campfire_upgraded":2,"timestamp":1523730099,"path_taken":["M","$","?","?","M","R","M","R","T","?","M","?","M","M","R","BOSS","M","?","?","$","?","R","M","E"],"build_version":"2018-04-12","seed_source_timestamp":260515549147598,"purchased_purges":1,"victory":false,"master_deck":["Strike_R+1","Strike_R+1","Strike_R","Strike_R","Defend_R","Defend_R","Defend_R","Defend_R","Bash+1","AscendersBane","Infernal Blade","Whirlwind+1","Armaments+1","Headbutt","Clothesline","Flex","Body Slam","Fiend Fire","Headbutt","Rage","Shrug It Off+1"],"max_hp_per_floor":[75,75,75,75,75,75,75,75,75,75,75,75,75,75,75,75,75,75,75,75,75,75,75,75,75],"relics":["Burning Blood","Whetstone","Cursed Key","Vajra"],"card_choices":[{"not_picked":["Pommel Strike","Clash"],"picked":"Infernal Blade","floor":1},{"not_picked":["Rupture","Anger"],"picked":"Armaments","floor":4},{"not_picked":["Infernal Blade","Cleave"],"picked":"Headbutt","floor":7},{"not_picked":["Clash","True Grit"],"picked":"Clothesline","floor":11},{"not_picked":["Perfected Strike","Reaper"],"picked":"Flex","floor":13},{"not_picked":["Pommel Strike","Armaments"],"picked":"Body Slam","floor":14},{"not_picked":["Brutality","Immolate"],"picked":"Fiend Fire","floor":16},{"not_picked":["Warcry","Fire Breathing"],"picked":"Headbutt","floor":18},{"not_picked":["Perfected Strike","Cleave"],"picked":"Shrug It Off","floor":22}],"player_experience":378542,"potions_floor_usage":[7,7,25,25],"damage_taken":[{"damage":14,"enemies":"Jaw Worm","floor":1,"turns":6},{"damage":4,"enemies":"Small Slimes","floor":4,"turns":5},{"damage":0,"enemies":"Cultist","floor":5,"turns":3},{"damage":10,"enemies":"Gremlin Gang","floor":7,"turns":3},{"damage":20,"enemies":"Exordium Wildlife","floor":11,"turns":3},{"damage":20,"enemies":"Large Slime","floor":13,"turns":6},{"damage":6,"enemies":"2 Fungi Beasts","floor":14,"turns":2},{"damage":29,"enemies":"Slime Boss","floor":16,"turns":6},{"damage":17,"enemies":"3 Byrds","floor":18,"turns":4},{"damage":19,"enemies":"Shell Parasite","floor":19,"turns":4},{"damage":9,"enemies":"Chosen and Byrds","floor":22,"turns":4},{"damage":43,"enemies":"Snecko","floor":24,"turns":5},{"damage":39,"enemies":"Book of Stabbing","floor":25,"turns":3}],"event_choices":[{"event_name":"Living Wall","player_choice":"Grow","floor":3,"damage_taken":0},{"event_name":"Liars Game","player_choice":"disagreed","floor":10,"damage_taken":0},{"event_name":"World of Goop","player_choice":"Gather Gold","floor":12,"damage_taken":0},{"event_name":"The Lab","player_choice":"Got Potions","floor":20,"damage_taken":0}],"boss_relics":[{"not_picked":["Orrery","White Beast Statue"],"picked":"Cursed Key"}],"potions_floor_spawned":[1,4,14,16,22,24],"seed_played":"-1556541720904202870","killed_by":"Book of Stabbing","ascension_level":15,"is_trial":false}