{"path_per_floor":["M","M","?","M","$","R","?","E","T","E","R","M","R","M","R","B",null,"M","?","?","$","M","R","M","E","T","?","R","$","M","M","R","B",null,"M","M","M","?","?","R","E","M","T","M","?","M","R","M","R","B"],"character_chosen":"IRONCLAD","items_purchased":["Paper Frog"],"gold_per_floor":[110,124,124,139,64,64,126,155,155,190,190,201,201,220,220,298,298,298,298,298,54,0,0,0,0,0,0,0,0,0,0,0,0,0,0,0,0,0,0,0,0,0,0,0,0,0,0,0,0,0],"floor_reached":51,"campfire_rested":2,"playtime":3584,"current_hp_per_floor":[73,72,72,74,74,74,74,48,48,27,27,33,33,32,32,20,61,40,36,36,36,31,53,54,41,41,41,41,41,73,66,66,42,67,56,75,38,16,16,38,75,75,75,69,69,75,75,75,75,67],"items_purged":["Strike_R"],"gold":0,"score":1222,"play_id":"a7436002-d68e-4a3c-bc8d-89593cce147a","local_time":"20180406104958","is_prod":false,"is_daily":false,"is_ascension_mode":true,"campfire_upgraded":8,"timestamp":1523000998,"path_taken":["M","M","?","M","$","R","?","E","T","E","R","M","R","M","R","BOSS","M","?","?","$","M","R","M","E","T","?","R","$","M","M","R","BOSS","M","M","M","?","?","R","E","M","T","M","?","M","R","?","R","BOSS"],"build_version":"2018-04-05v2","purchased_purges":1,"victory":true,"master_deck":["Strike_R+1","Strike_R+1","Defend_R+1","Defend_R+1","Defend_R+1","Defend_R+1","Bash+1","AscendersBane","Reaper","Disarm+1","True Grit+1","Headbutt","Berserk+1","Pummel","Iron Wave","Demon Form+1","Shockwave+1","Shrug It Off","Rampage+1","Disarm+1","Exhume+1","Uppercut+1","Shrug It Off","Battle Trance+1","Heavy Blade+1","True Grit+1","True Grit+1","Intimidate"],"max_hp_per_floor":[75,75,75,75,75,75,75,75,75,75,75,75,75,75,75,75,75,75,75,75,75,75,75,75,75,75,75,75,75,75,75,75,75,75,75,75,75,75,75,75,75,75,75,75,75,75,75,75,75,75],"relics":["Burning Blood","Toolbox","Happy Flower","Calipers","Ectoplasm","Paper Frog","Ancient Tea Set","Torii","Mark of Pain","Bird Faced Urn","Vajra","Anchor"],"card_choices":[{"not_picked":["Fire Breathing","Sentinel"],"picked":"Disarm","floor":1.0},{"not_picked":["Rupture","Intimidate"],"picked":"True Grit","floor":2.0},{"not_picked":["Clothesline","Pommel Strike"],"picked":"Headbutt","floor":4.0},{"not_picked":["Iron Wave","Body Slam"],"picked":"Berserk","floor":8.0},{"not_picked":["Dual Wield","Burning Pact"],"picked":"Pummel","floor":10.0},{"not_picked":["True Grit","Headbutt"],"picked":"Iron Wave","floor":14.0},{"not_picked":["Feed","Berserk"],"picked":"Demon Form","floor":16.0},{"not_picked":["Clothesline","Clash"],"picked":"Shockwave","floor":22.0},{"not_picked":["Flex","Inflame"],"picked":"Shrug It Off","floor":24.0},{"not_picked":["Evolve","Wild Strike"],"picked":"Rampage","floor":30.0},{"not_picked":["True Grit","Sword Boomerang"],"picked":"Disarm","floor":31.0},{"not_picked":["Berserk","Bludgeon"],"picked":"Exhume","floor":33.0},{"not_picked":["Flame Barrier","Headbutt"],"picked":"Uppercut","floor":35.0},{"not_picked":["Sword Boomerang","Anger"],"picked":"Shrug It Off","floor":36.0},{"not_picked":["Power Through","Ghostly Armor"],"picked":"Battle Trance","floor":37.0},{"not_picked":["Anger","Pommel Strike"],"picked":"Heavy Blade","floor":38.0},{"not_picked":["Body Slam","Heavy Blade"],"picked":"True Grit","floor":41.0},{"not_picked":["Immolate","Clash"],"picked":"True Grit","floor":44},{"not_picked":["Twin Strike","Iron Wave"],"picked":"Intimidate","floor":48}],"player_experience":308969,"potions_floor_usage":[50,50,50],"damage_taken":[{"damage":1.0,"enemies":"Cultist","floor":1.0,"turns":3.0},{"damage":7.0,"enemies":"Jaw Worm","floor":2.0,"turns":7.0},{"damage":8.0,"enemies":"Small Slimes","floor":4.0,"turns":5.0},{"damage":32.0,"enemies":"Gremlin Nob","floor":8.0,"turns":4.0},{"damage":27.0,"enemies":"Lagavulin","floor":10.0,"turns":7.0},{"damage":0.0,"enemies":"2 Fungi Beasts","floor":12.0,"turns":3.0},{"damage":11.0,"enemies":"Red Slaver","floor":14.0,"turns":4.0},{"damage":18.0,"enemies":"The Guardian","floor":16.0,"turns":17.0},{"damage":27.0,"enemies":"Spheric Guardian","floor":18.0,"turns":4.0},{"damage":15.0,"enemies":"2 Thieves","floor":22.0,"turns":5.0},{"damage":18.0,"enemies":"Snake Plant","floor":24.0,"turns":5.0},{"damage":19.0,"enemies":"Book of Stabbing","floor":25.0,"turns":7.0},{"damage":6.0,"enemies":"Centurion and Healer","floor":30.0,"turns":4.0},{"damage":25.0,"enemies":"Cultist and Chosen","floor":31.0,"turns":6.0},{"damage":30.0,"enemies":"Champ","floor":33.0,"turns":10.0},{"damage":17.0,"enemies":"Orb Walker","floor":35.0,"turns":4.0},{"damage":21.0,"enemies":"3 Shapes","floor":36.0,"turns":18.0},{"damage":50.0,"enemies":"Sphere and 2 Shapes","floor":37.0,"turns":6.0},{"damage":28.0,"enemies":"Mysterious Sphere","floor":38.0,"turns":6.0},{"damage":9.0,"enemies":"Giant Head","floor":41.0,"turns":9.0},{"damage":22,"enemies":"3 Darklings","floor":42,"turns":6},{"damage":16,"enemies":"Maw","floor":44,"turns":8},{"damage":21,"enemies":"4 Shapes","floor":46,"turns":12},{"damage":21,"enemies":"Sphere and 2 Shapes","floor":48,"turns":14},{"damage":88,"enemies":"Donu and Deca","floor":50,"turns":10}],"event_choices":[{"event_name":"Bonfire Elementals","player_choice":"BASIC","floor":3.0,"damage_taken":0.0},{"event_name":"Golden Wing","player_choice":"Gained Gold","floor":7.0,"damage_taken":0.0},{"event_name":"The Woman in Blue","player_choice":"Bought 0 Potions","floor":19.0,"damage_taken":0.0},{"event_name":"Back to Basics","player_choice":"Simplicity","floor":20.0,"damage_taken":0.0},{"event_name":"Beggar","player_choice":"Ignored","floor":27.0,"damage_taken":0.0},{"event_name":"Mysterious Sphere","player_choice":"Fight","floor":38.0,"damage_taken":0.0},{"event_name":"Wheel of Change","player_choice":"Gold","floor":39.0,"damage_taken":0.0},{"event_name":"Purifier","player_choice":"One Purge","floor":45,"damage_taken":0}],"boss_relics":[],"potions_floor_spawned":[1,2,4,12,14,24,30,35,44,48],"seed_played":"7391849746554935438","ascension_level":15,"is_trial":false}