{"path_per_floor":["M","?","?","M","?","R","M","M","T","M","R","E","M","M","R","B",null,"M","$","M","?","?","R","M","M","T","R","M","R","M","$","R","B",null,"M","$","M","M","$","R","M","?","T","E","R","M","R","M","R","B"],"character_chosen":"IRONCLAD","items_purchased":["Mummified Hand"],"gold_per_floor":[113,113,113,125,125,125,138,149,149,167,167,196,214,231,231,336,336,354,279,297,297,222,222,234,244,244,244,260,260,278,21,21,126,126,146,46,60,80,80,80,91,91,91,116,116,127,127,141,141,141],"floor_reached":51,"campfire_rested":0,"playtime":9921,"current_hp_per_floor":[72,58,63,69,69,69,75,77,77,77,77,68,67,58,58,37,77,72,72,77,77,77,77,69,59,59,59,66,66,70,70,70,36,77,77,77,74,69,69,69,62,62,62,53,53,73,73,77,77,77],"items_purged":["Strike_R","Strike_R"],"gold":141,"play_id":"2a290f6d-0524-40d6-9561-12769b977b3a","is_prod":false,"is_daily":false,"campfire_rituals":0,"campfire_upgraded":8,"is_hardmode":false,"path_taken":["M","?","?","M","?","R","M","?","T","M","R","E","M","M","R","BOSS","M","$","M","?","?","R","M","M","T","R","?","R","?","$","R","BOSS","M","$","?","M","$","R","M","?","T","E","R","M","R","?","R","BOSS"],"build_version":"2018-01-18-PROD4","purchased_purges":2,"victory":true,"master_deck":["Defend_R","Defend_R","Bash","Shrug It Off","Twin Strike","Reaper","Uppercut","Inflame","Offering","Heavy Blade","True Grit","Pain","Inflame","Limit Break","Ghostly Armor","True Grit","Metallicize","Parasite"],"max_hp_per_floor":[72,72,77,77,77,77,77,77,77,77,77,77,77,77,77,77,77,77,77,77,77,77,77,77,77,77,77,77,77,77,77,77,77,77,77,77,77,77,77,77,77,77,77,77,77,77,77,77,77,77],"relics":["Burning Blood","Happy Flower","Du-Vu Doll","Cursed Key","Torii","Mummified Hand","Velvet Choker","Peace Pipe","Darkstone Periapt"],"campfire_meditates":0,"card_choices":[{"not_picked":["Carnage","Iron Wave"],"picked":"Shrug It Off"},{"not_picked":["Wild Strike","Havoc"],"picked":"Twin Strike"},{"not_picked":["Blood for Blood","True Grit"],"picked":"Reaper"},{"not_picked":["Anger","Cleave"],"picked":"Uppercut"},{"not_picked":["Wild Strike","Headbutt"],"picked":"Inflame"},{"not_picked":["Thunderclap","Shockwave"],"picked":"Cleave"},{"not_picked":["Dark Embrace","Juggernaut"],"picked":"Offering"},{"not_picked":["Clash","Pommel Strike"],"picked":"Heavy Blade"},{"not_picked":["Wild Strike","Heavy Blade"],"picked":"True Grit"},{"not_picked":["Pummel","Bludgeon"],"picked":"Inflame"},{"not_picked":["Dark Embrace","Bludgeon"],"picked":"Limit Break"},{"not_picked":["Dual Wield","Hemokinesis"],"picked":"Ghostly Armor"},{"not_picked":["Burning Pact","Anger"],"picked":"True Grit"},{"not_picked":["Sword Boomerang","Cleave"],"picked":"Metallicize"}],"player_experience":411004,"potions_floor_usage":[13,13,33,44,50,50],"damage_taken":[{"damage":0,"enemies":"Small Slimes","floor":1,"turns":5},{"damage":0,"enemies":"Blue Slaver","floor":4,"turns":6},{"damage":0,"enemies":"2 Louse","floor":7,"turns":2},{"damage":3,"enemies":"2 Fungi Beasts","floor":8,"turns":5},{"damage":0,"enemies":"Large Slime","floor":10,"turns":5},{"damage":15,"enemies":"Lagavulin","floor":12,"turns":5},{"damage":7,"enemies":"Exordium Thugs","floor":13,"turns":3},{"damage":21,"enemies":"Exordium Wildlife","floor":14,"turns":4},{"damage":37,"enemies":"Hexaghost","floor":16,"turns":9},{"damage":15,"enemies":"3 Byrds","floor":18,"turns":5},{"damage":4,"enemies":"Chosen","floor":20,"turns":3},{"damage":14,"enemies":"Snake Plant","floor":24,"turns":2},{"damage":16,"enemies":"Slaver and Parasite","floor":25,"turns":4},{"damage":14,"enemies":"3 Cultists","floor":28,"turns":3},{"damage":14,"enemies":"Snake Plant","floor":30,"turns":4},{"damage":52,"enemies":"Automaton","floor":33,"turns":7},{"damage":11,"enemies":"3 Shapes","floor":35,"turns":5},{"damage":9,"enemies":"Orb Walker","floor":37,"turns":2},{"damage":19,"enemies":"Sphere and 2 Shapes","floor":38,"turns":4},{"damage":21,"enemies":"Maw","floor":41,"turns":5},{"damage":24,"enemies":"Nemesis","floor":44,"turns":10},{"damage":10,"enemies":"4 Shapes","floor":46,"turns":8},{"damage":19,"enemies":"Sphere and 2 Shapes","floor":48,"turns":6},{"damage":21,"enemies":"Awakened One","floor":50,"turns":9}],"event_choices":[{"event_name":"Shining Light","player_choice":"Entered Light","floor":2,"damage_taken":0},{"event_name":"Big Fish","player_choice":"Donut","floor":3,"damage_taken":0},{"event_name":"Liars Game","player_choice":"disagreed","floor":5,"damage_taken":0},{"event_name":"Accursed Blacksmith","player_choice":"Forge","floor":21,"damage_taken":0},{"event_name":"Beggar","player_choice":"Gave Gold","floor":22,"damage_taken":0},{"event_name":"The Lab","player_choice":"Got Potions","floor":42,"damage_taken":0}],"boss_relics":[{"not_picked":["Calling Bell","Runic Cube"],"picked":"Cursed Key"},{"not_picked":["Pandora\u0027s Box","Mark of Pain"],"picked":"Velvet Choker"}],"potions_floor_spawned":[7,8,12,18,28,37,38,46],"seed_played":"-3159068233357422459","is_trial":false}