{"path_per_floor":["M","?","$","M","M","R","M","R","T","R","T","M","$","M","R","B",null,"M","$","?","M","?","R","E","R","T","E","R","M","M","?","R","B",null,"M","$","M","?","?","R","M","M","T","M","R","M","?","M","R","B"],"character_chosen":"IRONCLAD","items_purchased":["Shrug It Off","True Grit","Shrug It Off"],"gold_per_floor":[114,214,114,133,148,148,166,166,166,166,190,206,80,100,100,196,196,211,38,38,49,49,49,80,80,80,114,114,131,150,150,150,253,253,271,121,134,134,0,0,18,33,33,43,43,61,61,75,75,75],"floor_reached":51,"campfire_rested":1,"playtime":5040,"current_hp_per_floor":[80,80,80,80,80,80,78,78,92,92,92,91,91,94,94,79,94,85,85,85,89,89,89,88,88,88,71,71,60,55,39,67,20,94,94,94,94,94,94,94,93,94,94,94,94,94,84,94,94,80],"items_purged":["Strike_R","Anger","Strike_R","Strike_R"],"gold":75,"play_id":"437b9237-d667-4bd3-a531-73d9dfece884","is_prod":false,"is_daily":false,"is_ascension_mode":true,"campfire_upgraded":10,"path_taken":["M","?","?","?","M","R","M","R","T","R","?","M","$","M","R","BOSS","M","$","?","M","?","R","E","R","T","E","R","?","M","?","R","BOSS","M","$","M","?","?","R","M","M","T","M","R","M","?","M","R","BOSS"],"build_version":"2018-01-25-PROD3","purchased_purges":4,"victory":true,"master_deck":["Strike_R","Defend_R+1","Defend_R","Defend_R+1","Bash","Shrug It Off+1","Flex+1","True Grit+1","Clothesline","True Grit+1","Feel No Pain+1","Impervious","Evolve+1","Shrug It Off+1","Whirlwind+1","Iron Wave","Shrug It Off+1","Ghostly Armor+1","Necronomicurse","Demon Form+1","Ghostly Armor+1","Feel No Pain","Heavy Blade+1","Battle Trance+1","Madness","Madness"],"max_hp_per_floor":[80,80,80,80,80,80,80,80,94,94,94,94,94,94,94,94,94,94,94,94,94,94,94,94,94,94,94,94,94,94,94,94,94,94,94,94,94,94,94,94,94,94,94,94,94,94,94,94,94,94],"relics":["Burning Blood","Mango","Art of War","Mark of Pain","Magic Flower","Frozen Eye","War Paint","Necronomicon","Question Card","Red Mask","Bird Faced Urn"],"card_choices":[{"not_picked":["Wild Strike","Disarm"],"picked":"Flex"},{"not_picked":["Flex","Blood for Blood"],"picked":"True Grit"},{"not_picked":["Wild Strike","Clash"],"picked":"Clothesline"},{"not_picked":["Intimidate","Double Tap"],"picked":"Feel No Pain"},{"not_picked":["Reaper","Brutality"],"picked":"Impervious"},{"not_picked":["Cleave","Twin Strike"],"picked":"Evolve"},{"not_picked":["True Grit","Perfected Strike"],"picked":"Whirlwind"},{"not_picked":["Warcry","Immolate"],"picked":"Iron Wave"},{"not_picked":["Blood for Blood","True Grit"],"picked":"Shrug It Off"},{"not_picked":["Pommel Strike","Flex"],"picked":"Ghostly Armor"},{"not_picked":["Berserk","Offering"],"picked":"Demon Form"},{"not_picked":["Armaments","Shrug It Off","Sever Soul"],"picked":"Ghostly Armor"},{"not_picked":["Flex","Sword Boomerang","Rampage"],"picked":"Feel No Pain"},{"not_picked":["Iron Wave","Second Wind","Dropkick"],"picked":"Heavy Blade"},{"not_picked":["Inflame","True Grit","Bloodletting"],"picked":"Battle Trance"}],"player_experience":578194,"potions_floor_usage":[16,24,24,33,50,50,50],"damage_taken":[{"damage":2,"enemies":"2 Louse","floor":1,"turns":3},{"damage":0,"enemies":"Cultist","floor":4,"turns":5},{"damage":0,"enemies":"Jaw Worm","floor":5,"turns":4},{"damage":8,"enemies":"Red Slaver","floor":7,"turns":4},{"damage":7,"enemies":"Lots of Slimes","floor":12,"turns":7},{"damage":1,"enemies":"Exordium Thugs","floor":14,"turns":6},{"damage":21,"enemies":"The Guardian","floor":16,"turns":17},{"damage":15,"enemies":"3 Byrds","floor":18,"turns":12},{"damage":2,"enemies":"Chosen","floor":21,"turns":9},{"damage":7,"enemies":"Book of Stabbing","floor":24,"turns":6},{"damage":26,"enemies":"Slavers","floor":27,"turns":6},{"damage":20,"enemies":"Sentry and Sphere","floor":29,"turns":9},{"damage":14,"enemies":"Snecko","floor":30,"turns":8},{"damage":56,"enemies":"Champ","floor":33,"turns":16},{"damage":0,"enemies":"Orb Walker","floor":35,"turns":5},{"damage":2,"enemies":"3 Shapes","floor":37,"turns":4},{"damage":10,"enemies":"Maw","floor":41,"turns":9},{"damage":4,"enemies":"Sphere and 2 Shapes","floor":42,"turns":5},{"damage":1,"enemies":"3 Darklings","floor":44,"turns":2},{"damage":2,"enemies":"Maw","floor":46,"turns":6},{"damage":7,"enemies":"4 Shapes","floor":48,"turns":4},{"damage":32,"enemies":"Time Eater","floor":50,"turns":7}],"event_choices":[{"event_name":"Golden Shrine","player_choice":"Pray","floor":2,"damage_taken":0},{"event_name":"Vampires","player_choice":"Ignored","floor":20,"damage_taken":0},{"event_name":"Addict","player_choice":"Ignored","floor":22,"damage_taken":0},{"event_name":"Cursed Tome","player_choice":"Obtained Book","floor":31,"damage_taken":0},{"event_name":"Tomb of Lord Red Mask","player_choice":"Paid","floor":39,"damage_taken":0},{"event_name":"Winding Halls","player_choice":"Embrace Madness","floor":47,"damage_taken":0}],"boss_relics":[{"not_picked":["Lizard Tail","Ectoplasm"],"picked":"Mark of Pain"},{"not_picked":["Pandora\u0027s Box","Calling Bell"],"picked":"Question Card"}],"potions_floor_spawned":[1,5,16,27,29,30,33,44,46,48],"seed_played":"8494094003237344936","ascension_level":1,"is_trial":false}