{"path_per_floor":["M","?","M","$","?","E","R","M","T","R","M","R","M","?","R","B",null,"M","?","M","$","M","R","M","R","T","M","M","?","?","M","R","B",null,"M","?","M","?","?","R","M","M","T","R","M","E","$","M","R","B"],"character_chosen":"IRONCLAD","items_purchased":["Vajra","Regen Potion","Molten Egg","Energy Potion"],"gold_per_floor":[112,112,125,50,50,82,82,93,93,93,105,105,115,115,115,220,220,240,240,253,4,24,24,36,36,60,70,84,84,84,102,102,202,202,217,217,229,229,229,229,249,266,341,341,351,386,11,21,21,21],"floor_reached":51,"campfire_rested":2,"playtime":4229,"current_hp_per_floor":[80,80,73,73,73,71,71,76,76,76,70,70,74,67,67,37,80,69,53,48,48,40,40,38,62,62,65,61,61,61,59,59,52,80,70,60,58,58,58,58,60,62,62,62,57,44,44,51,75,38],"items_purged":["Strike_R","Strike_R","Strike_R"],"gold":21,"play_id":"f85ffadc-41ce-4ebf-bac1-8f197b15a904","is_prod":false,"is_daily":false,"campfire_rituals":0,"campfire_upgraded":8,"is_hardmode":false,"path_taken":["M","?","M","$","?","E","R","M","T","R","M","R","M","?","R","BOSS","M","?","M","$","M","R","M","R","T","M","M","?","?","M","R","BOSS","M","?","M","?","?","R","M","M","T","R","M","E","$","M","R","BOSS"],"build_version":"2018-01-18-PROD4","purchased_purges":3,"victory":true,"master_deck":["Strike_R","Strike_R","Defend_R","Defend_R","Defend_R","Defend_R","Bash","Rampage","Iron Wave","Body Slam","Evolve","Iron Wave","Flame Barrier","Body Slam","Metallicize","Offering","Shrug It Off","Madness","Madness","Offering","Shrug It Off","True Grit"],"max_hp_per_floor":[80,80,80,80,80,80,80,80,80,80,80,80,80,80,80,80,80,80,80,80,80,80,80,80,80,80,80,80,80,80,80,80,80,80,80,80,80,80,80,80,80,80,80,80,80,80,80,80,80,80],"relics":["Burning Blood","Toxic Egg","Torii","Juzu Bracelet","Mark of Pain","Nilry\u0027s Codex","Vajra","Pen Nib","Question Card","Self Forming Clay","Bag of Preparation","Molten Egg"],"campfire_meditates":0,"card_choices":[{"not_picked":["Headbutt","Iron Wave"],"picked":"Rampage"},{"not_picked":["Clash","Infernal Blade"],"picked":"Iron Wave"},{"not_picked":["Clothesline","Burning Pact"],"picked":"Body Slam"},{"not_picked":["Warcry","Whirlwind"],"picked":"Evolve"},{"not_picked":["Cleave","Sword Boomerang"],"picked":"Iron Wave"},{"not_picked":["Rupture","Rage"],"picked":"Flame Barrier"},{"not_picked":["Fire Breathing","Metallicize"],"picked":"Body Slam"},{"not_picked":["Twin Strike","Feel No Pain"],"picked":"Metallicize"},{"not_picked":["Immolate","Impervious"],"picked":"Offering"},{"not_picked":["Clash","Flex","Headbutt"],"picked":"Shrug It Off"},{"not_picked":["Rupture","Sword Boomerang","Perfected Strike"],"picked":"Offering"},{"not_picked":["Bludgeon","Spot Weakness","Thunderclap"],"picked":"True Grit"}],"player_experience":430779,"potions_floor_usage":[6,16,27,33,46,46,48,50,50,50],"damage_taken":[{"damage":3,"enemies":"Small Slimes","floor":1,"turns":4},{"damage":13,"enemies":"2 Louse","floor":3,"turns":2},{"damage":8,"enemies":"Gremlin Nob","floor":6,"turns":4},{"damage":1,"enemies":"Cultist","floor":8,"turns":3},{"damage":12,"enemies":"Exordium Thugs","floor":11,"turns":5},{"damage":2,"enemies":"Gremlin Gang","floor":13,"turns":5},{"damage":36,"enemies":"Hexaghost","floor":16,"turns":10},{"damage":17,"enemies":"Shell Parasite","floor":18,"turns":6},{"damage":11,"enemies":"Spheric Guardian","floor":20,"turns":5},{"damage":14,"enemies":"Centurion and Healer","floor":22,"turns":6},{"damage":8,"enemies":"Sentry and Sphere","floor":24,"turns":5},{"damage":3,"enemies":"Snake Plant","floor":27,"turns":4},{"damage":10,"enemies":"Snecko","floor":28,"turns":5},{"damage":8,"enemies":"Chosen and Byrds","floor":31,"turns":5},{"damage":13,"enemies":"Collector","floor":33,"turns":11},{"damage":16,"enemies":"Orb Walker","floor":35,"turns":4},{"damage":8,"enemies":"3 Shapes","floor":37,"turns":5},{"damage":4,"enemies":"3 Darklings","floor":41,"turns":4},{"damage":4,"enemies":"4 Shapes","floor":42,"turns":5},{"damage":11,"enemies":"Sphere and 2 Shapes","floor":45,"turns":7},{"damage":19,"enemies":"2 Orb Walkers","floor":46,"turns":4},{"damage":14,"enemies":"Maw","floor":48,"turns":7},{"damage":43,"enemies":"Time Eater","floor":50,"turns":11}],"event_choices":[{"event_name":"Liars Game","player_choice":"disagreed","floor":2,"damage_taken":0},{"event_name":"The Lab","player_choice":"Got Potions","floor":5,"damage_taken":0},{"event_name":"Scrap Ooze","player_choice":"success","floor":14,"damage_taken":7},{"event_name":"Cursed Tome","player_choice":"Obtained Book","floor":19,"damage_taken":0},{"event_name":"The Mausoleum","player_choice":"No","floor":29,"damage_taken":0},{"event_name":"Addict","player_choice":"Ignored","floor":30,"damage_taken":0},{"event_name":"Winding Halls","player_choice":"Embrace Madness","floor":36,"damage_taken":0},{"event_name":"Duplicator","player_choice":"One dupe","floor":38,"damage_taken":0},{"event_name":"Mysterious Sphere","player_choice":"Ignore","floor":39,"damage_taken":0}],"boss_relics":[{"not_picked":["Eternal Feather","Black Blood"],"picked":"Mark of Pain"},{"not_picked":["Black Star","Runic Cube"],"picked":"Question Card"}],"potions_floor_spawned":[6,11,13,20,22,28,31,37,46,48],"seed_played":"-4776604602078953607","is_trial":false}