{"path_per_floor":["M","M","M","?","?","R","E","$","T","?","M","?","R","M","R","B",null,"M","M","$","?","M","R","M","R","T","R","M","E","M","M","R","B",null,"M","M","?","M","M","R","M","?","T","M","$","?","M","M","R","B"],"character_chosen":"IRONCLAD","items_purchased":["Shrug It Off","Bag of Preparation","Bronze Scales"],"gold_per_floor":[115,125,141,141,91,91,123,48,72,72,91,91,91,104,104,201,201,219,233,107,107,125,125,142,142,168,168,180,207,222,238,238,333,333,349,363,363,377,393,393,406,451,451,469,45,45,55,70,70,70],"floor_reached":51,"campfire_rested":1,"playtime":3350,"current_hp_per_floor":[74,73,79,72,72,72,39,39,39,23,29,29,53,59,59,44,80,66,55,55,55,65,65,75,75,75,75,80,80,80,80,80,80,80,80,80,80,80,80,80,80,74,74,80,80,70,80,80,80,80],"items_purged":["Strike_R","Bludgeon","Pain"],"gold":70,"play_id":"73faf67c-fdd7-4ebe-bc8a-7c3282dd3560","is_prod":false,"is_daily":false,"campfire_rituals":0,"campfire_upgraded":8,"is_hardmode":false,"path_taken":["M","M","M","?","?","R","E","$","T","?","M","?","R","M","R","BOSS","M","?","$","?","M","R","M","R","T","R","M","E","M","M","R","BOSS","M","M","?","M","M","R","?","?","T","M","$","?","M","M","R","BOSS"],"build_version":"2018-01-18-PROD4","purchased_purges":3,"victory":true,"master_deck":["Defend_R","Defend_R","Defend_R","Defend_R","Bash","Cleave","Battle Trance","Body Slam","Rampage","Barricade","Reaper","Pommel Strike","Shrug It Off","Ghostly Armor","Body Slam","Metallicize","Madness","Madness","Shrug It Off"],"max_hp_per_floor":[80,80,80,80,80,80,80,80,80,80,80,80,80,80,80,80,80,80,80,80,80,80,80,80,80,80,80,80,80,80,80,80,80,80,80,80,80,80,80,80,80,80,80,80,80,80,80,80,80,80],"relics":["Burning Blood","Dream Catcher","Toxic Egg","Sozu","Lantern","Gambling Chip","Cursed Key","Red Skull","Bottled Flame","Bag of Preparation","Bronze Scales"],"campfire_meditates":0,"card_choices":[{"not_picked":["Sentinel","Seeing Red"],"picked":"Cleave"},{"not_picked":["Whirlwind","Evolve"],"picked":"Battle Trance"},{"not_picked":["Cleave","Clothesline"],"picked":"Body Slam"},{"not_picked":["Battle Trance","Armaments"],"picked":"Rampage"},{"not_picked":["Clothesline","Armaments"],"picked":"Barricade"},{"not_picked":["Offering","Exhume"],"picked":"Reaper"},{"not_picked":["Uppercut","True Grit"],"picked":"Pommel Strike"},{"not_picked":["Twin Strike","True Grit"],"picked":"Ghostly Armor"},{"not_picked":["Headbutt","Twin Strike"],"picked":"Body Slam"},{"not_picked":["Fire Breathing","Wild Strike"],"picked":"Metallicize"},{"not_picked":["Wild Strike","Rampage"],"picked":"Shrug It Off"}],"player_experience":331873,"potions_floor_usage":[7,11],"damage_taken":[{"damage":12,"enemies":"Jaw Worm","floor":1,"turns":4},{"damage":7,"enemies":"Blue Slaver","floor":2,"turns":4},{"damage":0,"enemies":"2 Louse","floor":3,"turns":3},{"damage":39,"enemies":"3 Sentries","floor":7,"turns":6},{"damage":0,"enemies":"Looter","floor":11,"turns":2},{"damage":0,"enemies":"Large Slime","floor":14,"turns":4},{"damage":21,"enemies":"The Guardian","floor":16,"turns":7},{"damage":30,"enemies":"2 Thieves","floor":18,"turns":3},{"damage":17,"enemies":"Spheric Guardian","floor":19,"turns":4},{"damage":2,"enemies":"Chosen and Byrds","floor":22,"turns":5},{"damage":4,"enemies":"Centurion and Healer","floor":24,"turns":7},{"damage":0,"enemies":"Snake Plant","floor":28,"turns":4},{"damage":0,"enemies":"Gremlin Leader","floor":29,"turns":5},{"damage":0,"enemies":"Sentry and Sphere","floor":30,"turns":4},{"damage":0,"enemies":"Centurion and Healer","floor":31,"turns":6},{"damage":0,"enemies":"Champ","floor":33,"turns":6},{"damage":0,"enemies":"Orb Walker","floor":35,"turns":4},{"damage":0,"enemies":"3 Darklings","floor":36,"turns":3},{"damage":0,"enemies":"Maw","floor":38,"turns":5},{"damage":0,"enemies":"Sphere and 2 Shapes","floor":39,"turns":5},{"damage":0,"enemies":"4 Shapes","floor":41,"turns":5},{"damage":22,"enemies":"Mysterious Sphere","floor":42,"turns":7},{"damage":2,"enemies":"Maw","floor":44,"turns":11},{"damage":0,"enemies":"3 Darklings","floor":47,"turns":4},{"damage":0,"enemies":"4 Shapes","floor":48,"turns":4},{"damage":0,"enemies":"Time Eater","floor":50,"turns":8}],"event_choices":[{"event_name":"Golden Wing","player_choice":"Card Removal","floor":4,"damage_taken":0},{"event_name":"The Cleric","player_choice":"Card Removal","floor":5,"damage_taken":0},{"event_name":"Shining Light","player_choice":"Entered Light","floor":10,"damage_taken":0},{"event_name":"Purifier","player_choice":"One Purge","floor":12,"damage_taken":0},{"event_name":"Back to Basics","player_choice":"Simplicity","floor":21,"damage_taken":0},{"event_name":"Tomb of Lord Red Mask","player_choice":"Ignored","floor":37,"damage_taken":0},{"event_name":"Mysterious Sphere","player_choice":"Fight","floor":42,"damage_taken":0},{"event_name":"Winding Halls","player_choice":"Embrace Madness","floor":46,"damage_taken":0}],"boss_relics":[{"not_picked":["Black Star","Eternal Feather"],"picked":"Sozu"},{"not_picked":["Tiny House","Orrery"],"picked":"Cursed Key"}],"potions_floor_spawned":[1,2,11,14,18,19,29,30,35,36,44,47],"seed_played":"7562319727490095530","is_trial":false}