{"path_per_floor":["M","?","?","$","M","R","M","M","T","R","?","R","?","E","R","B",null,"M","?","M","?","M","R","M","R","T","M","M","M","M","$","R","B",null,"M","?","M","?","M","R","M","M","T","$","M","R","?","M","R","B"],"character_chosen":"IRONCLAD","items_purchased":["Thread and Needle","Thinking Ahead","Swift Potion"],"gold_per_floor":[111,111,111,36,56,56,70,95,147,147,147,147,247,291,291,411,411,425,425,448,448,473,473,491,491,491,506,519,539,553,163,163,282,282,306,306,324,324,345,345,365,381,407,20,34,34,0,21,21,21],"floor_reached":51,"campfire_rested":0,"playtime":3352,"current_hp_per_floor":[80,85,64,64,70,70,75,69,69,69,52,52,52,47,47,36,85,85,85,85,85,79,79,82,82,82,85,85,85,85,85,85,12,85,85,85,85,75,75,75,81,81,81,81,78,78,78,84,84,67],"items_purged":["Strike_R","Strike_R","Strike_R"],"gold":21,"play_id":"a9912062-69bc-4940-a555-b3913e88ca32","is_prod":false,"is_daily":false,"is_ascension_mode":false,"campfire_upgraded":10,"path_taken":["M","?","?","$","?","R","M","M","T","R","?","R","?","E","R","BOSS","M","?","M","?","M","R","M","R","T","?","M","M","M","$","R","BOSS","M","?","M","?","M","R","M","M","T","$","M","R","?","?","R","BOSS"],"build_version":"2018-02-01-PROD3","purchased_purges":3,"victory":true,"master_deck":["Strike_R+1","Strike_R+1","Defend_R+1","Defend_R+1","Defend_R+1","Defend_R+1","Bash+1","Battle Trance+1","Searing Blow+11","Cleave+1","Metallicize","Battle Trance","Metallicize","Offering","Madness","Madness","Headbutt","Shrug It Off+1","Thinking Ahead"],"max_hp_per_floor":[80,85,85,85,85,85,85,85,85,85,85,85,85,85,85,85,85,85,85,85,85,85,85,85,85,85,85,85,85,85,85,85,85,85,85,85,85,85,85,85,85,85,85,85,85,85,85,85,85,85],"relics":["Burning Blood","Golden Idol","Oddly Smooth Stone","Orichalcum","Lizard Tail","Whetstone","Thread and Needle","Sozu","Anchor","Red Mask"],"card_choices":[{"not_picked":["True Grit","Cleave"],"picked":"Battle Trance"},{"not_picked":["Armaments","Sentinel"],"picked":"Searing Blow"},{"not_picked":["Warcry","Iron Wave"],"picked":"Cleave"},{"not_picked":["Cleave","Second Wind"],"picked":"Metallicize"},{"not_picked":["Demon Form","Infernal Blade"],"picked":"Battle Trance"},{"not_picked":["Wild Strike","Pummel"],"picked":"Metallicize"},{"not_picked":["Fiend Fire","Dark Embrace"],"picked":"Offering"},{"not_picked":["Battle Trance","Flame Barrier"],"picked":"Headbutt"},{"not_picked":["Clothesline","Whirlwind"],"picked":"Shrug It Off"}],"player_experience":849246,"potions_floor_usage":[8,20,20,30],"damage_taken":[{"damage":1,"enemies":"2 Louse","floor":1,"turns":3},{"damage":0,"enemies":"Small Slimes","floor":5,"turns":4},{"damage":1,"enemies":"Cultist","floor":7,"turns":3},{"damage":12,"enemies":"Exordium Thugs","floor":8,"turns":3},{"damage":11,"enemies":"Gremlin Nob","floor":14,"turns":3},{"damage":17,"enemies":"Slime Boss","floor":16,"turns":12},{"damage":1,"enemies":"Spheric Guardian","floor":18,"turns":3},{"damage":1,"enemies":"2 Thieves","floor":20,"turns":3},{"damage":12,"enemies":"Sentry and Sphere","floor":22,"turns":4},{"damage":3,"enemies":"Snake Plant","floor":24,"turns":4},{"damage":0,"enemies":"3 Cultists","floor":27,"turns":4},{"damage":0,"enemies":"Chosen and Byrds","floor":28,"turns":4},{"damage":3,"enemies":"Centurion and Healer","floor":29,"turns":3},{"damage":6,"enemies":"Snake Plant","floor":30,"turns":2},{"damage":129,"enemies":"Collector","floor":33,"turns":8},{"damage":4,"enemies":"3 Darklings","floor":35,"turns":3},{"damage":0,"enemies":"Orb Walker","floor":37,"turns":2},{"damage":6,"enemies":"3 Darklings","floor":39,"turns":4},{"damage":0,"enemies":"4 Shapes","floor":41,"turns":7},{"damage":6,"enemies":"Maw","floor":42,"turns":3},{"damage":9,"enemies":"3 Darklings","floor":45,"turns":4},{"damage":0,"enemies":"4 Shapes","floor":48,"turns":7},{"damage":23,"enemies":"Donu and Deca","floor":50,"turns":5}],"event_choices":[{"event_name":"Big Fish","player_choice":"Donut","floor":2,"damage_taken":0},{"event_name":"Golden Idol","player_choice":"Take Damage","floor":3,"damage_taken":0},{"event_name":"Shining Light","player_choice":"Entered Light","floor":11,"damage_taken":0},{"event_name":"Golden Shrine","player_choice":"Pray","floor":13,"damage_taken":0},{"event_name":"N\u0027loth","player_choice":"Ignored","floor":19,"damage_taken":0},{"event_name":"Back to Basics","player_choice":"Simplicity","floor":21,"damage_taken":0},{"event_name":"Mysterious Sphere","player_choice":"Ignore","floor":36,"damage_taken":0},{"event_name":"Winding Halls","player_choice":"Embrace Madness","floor":38,"damage_taken":0},{"event_name":"Tomb of Lord Red Mask","player_choice":"Paid","floor":47,"damage_taken":0}],"boss_relics":[{"not_picked":["Orrery","Runic Cube"],"picked":"Lizard Tail"},{"not_picked":["Snecko Eye","Cursed Key"],"picked":"Sozu"}],"potions_floor_spawned":[5,8,16,20,27,28,39,41,45],"seed_played":"8749831536481486229","ascension_level":0,"is_trial":false}