{"path_per_floor":["M","?","M","$","?","R","E","M","T","R","M","$","M","M","R","B",null,"M","?","?","M","$","R","M","R","T","M","M","$","?","E","R","B",null,"M","T","?","$","M","R","T","M","T","M","R","M","M","?","R","B"],"character_chosen":"IRONCLAD","items_purchased":["Oddly Smooth Stone"],"gold_per_floor":[109,109,120,45,45,45,71,84,159,159,178,78,89,101,101,201,201,212,212,212,228,103,103,117,117,171,187,198,48,48,82,82,185,185,197,220,220,69,84,84,84,97,120,136,136,154,168,0,0,0],"floor_reached":51,"campfire_rested":0,"playtime":4371,"current_hp_per_floor":[85,68,73,73,65,65,35,39,39,39,37,37,38,44,44,36,88,88,88,88,77,77,77,72,72,79,103,107,107,97,101,101,54,111,111,111,111,111,115,115,115,119,119,119,119,121,127,127,127,105],"items_purged":["Strike_R","Strike_R","Strike_R","Strike_R"],"gold":0,"play_id":"ff356d9c-2d9f-4c2d-bee4-e2e6f39043e1","is_prod":false,"is_daily":false,"is_ascension_mode":false,"campfire_upgraded":7,"path_taken":["M","?","?","?","?","R","E","M","T","R","M","$","M","M","R","BOSS","M","?","?","M","$","R","?","R","T","M","M","$","?","E","R","BOSS","M","?","?","?","M","R","?","M","T","?","R","M","M","?","R","BOSS"],"build_version":"2018-02-01-PROD3","purchased_purges":4,"victory":true,"master_deck":["Strike_R","Defend_R","Defend_R","Defend_R","Defend_R","Bash+1","Evolve+1","Body Slam+1","Shrug It Off+1","True Grit+1","Feed+1","Shrug It Off+1","Disarm+1","Shrug It Off+1","Sentinel+1","Power Through+1","Body Slam+1"],"max_hp_per_floor":[88,88,88,88,88,88,88,88,88,88,88,88,88,88,88,88,88,88,88,88,88,88,88,92,92,99,103,107,107,107,111,111,111,111,111,111,111,111,115,115,115,119,119,119,119,121,127,127,127,127],"relics":["Burning Blood","Bronze Scales","Tiny Chest","White Beast Statue","Strawberry","Champion Belt","Sozu","Dream Catcher","Oddly Smooth Stone","Shovel","Singing Bowl","Torii","Red Mask","Art of War"],"card_choices":[{"not_picked":["Sword Boomerang","Armaments"],"picked":"Evolve"},{"not_picked":["Entrench","Exhume"],"picked":"Body Slam"},{"not_picked":["Wild Strike","Clash"],"picked":"Shrug It Off"},{"not_picked":["Sentinel","Sword Boomerang"],"picked":"True Grit"},{"not_picked":["Offering","Dark Embrace"],"picked":"Feed"},{"not_picked":["Armaments","Havoc"],"picked":"Shrug It Off"},{"not_picked":["Fire Breathing","Clothesline"],"picked":"Shrug It Off"},{"not_picked":["Flex","Sever Soul"],"picked":"Sentinel"},{"not_picked":["Wild Strike","Burning Pact"],"picked":"Power Through"},{"not_picked":["Iron Wave","Spot Weakness"],"picked":"Body Slam"}],"player_experience":897329,"potions_floor_usage":[11,14,18,27,28,31,31],"damage_taken":[{"damage":9,"enemies":"Small Slimes","floor":1,"turns":4},{"damage":1,"enemies":"Cultist","floor":3,"turns":3},{"damage":36,"enemies":"Lagavulin","floor":7,"turns":7},{"damage":2,"enemies":"Blue Slaver","floor":8,"turns":3},{"damage":8,"enemies":"Lots of Slimes","floor":11,"turns":5},{"damage":5,"enemies":"Looter","floor":13,"turns":3},{"damage":0,"enemies":"Gremlin Gang","floor":14,"turns":2},{"damage":14,"enemies":"The Guardian","floor":16,"turns":9},{"damage":0,"enemies":"3 Byrds","floor":18,"turns":3},{"damage":17,"enemies":"Spheric Guardian","floor":21,"turns":7},{"damage":15,"enemies":"3 Cultists","floor":24,"turns":8},{"damage":0,"enemies":"Centurion and Healer","floor":27,"turns":10},{"damage":5,"enemies":"Sentry and Sphere","floor":28,"turns":11},{"damage":6,"enemies":"Slavers","floor":31,"turns":8},{"damage":53,"enemies":"Automaton","floor":33,"turns":16},{"damage":0,"enemies":"3 Darklings","floor":35,"turns":8},{"damage":0,"enemies":"3 Shapes","floor":39,"turns":5},{"damage":2,"enemies":"Sphere and 2 Shapes","floor":42,"turns":10},{"damage":0,"enemies":"3 Darklings","floor":44,"turns":6},{"damage":2,"enemies":"Maw","floor":46,"turns":8},{"damage":0,"enemies":"4 Shapes","floor":47,"turns":5},{"damage":28,"enemies":"Time Eater","floor":50,"turns":13}],"event_choices":[{"event_name":"Shining Light","player_choice":"Entered Light","floor":2,"damage_taken":0},{"event_name":"Wheel of Change","player_choice":"Damage","floor":5,"damage_taken":0},{"event_name":"The Mausoleum","player_choice":"No","floor":19,"damage_taken":0},{"event_name":"The Library","player_choice":"Read","floor":20,"damage_taken":0},{"event_name":"Wheel of Change","player_choice":"Damage","floor":30,"damage_taken":0},{"event_name":"Mysterious Sphere","player_choice":"Ignore","floor":37,"damage_taken":0},{"event_name":"Tomb of Lord Red Mask","player_choice":"Paid","floor":48,"damage_taken":0}],"boss_relics":[{"not_picked":["Runic Pyramid","Calling Bell"],"picked":"White Beast Statue"},{"not_picked":["Black Blood","Pandora\u0027s Box"],"picked":"Sozu"}],"potions_floor_spawned":[3,11,14,18,21,24,27,28,31,33,35,39,42,44,46,47],"seed_played":"-2927444593511048511","ascension_level":0,"is_trial":false}