{"path_per_floor":["M","M","$","M","M","R","M","?","T","M","R","E","M","M","R","B",null,"M","?","$","?","M","R","M","R","T","M","M","R","T","M","R","B",null,"M","?","$","M","M","R","M","M","T","E","M","M","R","$","R","B"],"character_chosen":"IRONCLAD","items_purchased":["Shrug It Off","Impervious","Metallicize"],"gold_per_floor":[109,123,48,67,84,84,95,95,95,113,113,148,168,183,183,281,281,295,295,143,143,153,153,167,167,167,187,202,202,228,247,247,342,342,353,353,228,247,267,267,277,294,294,319,333,352,352,16,16,16],"floor_reached":51,"campfire_rested":0,"playtime":4080,"current_hp_per_floor":[80,80,80,80,80,80,72,56,56,59,59,65,71,72,72,17,80,80,80,80,80,80,80,80,80,80,80,80,80,80,80,80,51,80,80,80,80,80,77,77,80,63,63,80,79,80,80,80,80,80],"items_purged":["Strike_R","Strike_R","Strike_R","Strike_R"],"gold":16,"play_id":"b4b37439-d051-4571-a4a0-c81e0918c017","is_prod":false,"is_daily":false,"is_ascension_mode":false,"campfire_upgraded":10,"path_taken":["M","M","$","M","M","R","M","?","T","M","R","E","M","?","R","BOSS","M","?","$","?","M","R","M","R","T","M","M","R","?","M","R","BOSS","M","?","$","M","?","R","M","M","T","E","M","M","R","$","R","BOSS"],"build_version":"2018-02-01-PROD3","purchased_purges":4,"victory":true,"master_deck":["Defend_R+1","Defend_R+1","Defend_R+1","Defend_R+1","Bash+1","True Grit+1","Metallicize","Twin Strike+1","Body Slam+1","Clothesline+1","Metallicize+1","Shrug It Off+1","Whirlwind+1","Inflame+1","Battle Trance","Limit Break+1","Barricade+1","Body Slam+1","Impervious","Metallicize+1"],"max_hp_per_floor":[80,80,80,80,80,80,80,80,80,80,80,80,80,80,80,80,80,80,80,80,80,80,80,80,80,80,80,80,80,80,80,80,80,80,80,80,80,80,80,80,80,80,80,80,80,80,80,80,80,80],"relics":["Burning Blood","Sundial","Lantern","Velvet Choker","Charon\u0027s Ashes","Orichalcum","Mark of Pain","Ginger","Ice Cream"],"card_choices":[{"not_picked":["Corruption","Spot Weakness"],"picked":"True Grit"},{"not_picked":["Twin Strike","Uppercut"],"picked":"Metallicize"},{"not_picked":["Wild Strike","Sever Soul"],"picked":"Twin Strike"},{"not_picked":["Wild Strike","Warcry"],"picked":"Body Slam"},{"not_picked":["Cleave","Armaments"],"picked":"Clothesline"},{"not_picked":["Heavy Blade","Spot Weakness"],"picked":"Metallicize"},{"not_picked":["Clothesline","Blood for Blood"],"picked":"Whirlwind"},{"not_picked":["Rupture","Havoc"],"picked":"Inflame"},{"not_picked":["Warcry","True Grit"],"picked":"Battle Trance"},{"not_picked":["Offering","Berserk"],"picked":"Limit Break"},{"not_picked":["Headbutt","Iron Wave"],"picked":"Barricade"},{"not_picked":["Rage","Intimidate"],"picked":"Body Slam"}],"player_experience":907958,"potions_floor_usage":[5,12,44,50,50,50],"damage_taken":[{"damage":1,"enemies":"Cultist","floor":1,"turns":3},{"damage":2,"enemies":"2 Louse","floor":2,"turns":3},{"damage":2,"enemies":"Blue Slaver","floor":4,"turns":5},{"damage":2,"enemies":"Looter","floor":5,"turns":4},{"damage":14,"enemies":"Lots of Slimes","floor":7,"turns":7},{"damage":3,"enemies":"Exordium Wildlife","floor":10,"turns":3},{"damage":15,"enemies":"Lagavulin","floor":12,"turns":7},{"damage":0,"enemies":"Large Slime","floor":13,"turns":4},{"damage":5,"enemies":"2 Fungi Beasts","floor":14,"turns":3},{"damage":61,"enemies":"Hexaghost","floor":16,"turns":11},{"damage":4,"enemies":"Shell Parasite","floor":18,"turns":4},{"damage":2,"enemies":"Spheric Guardian","floor":22,"turns":4},{"damage":1,"enemies":"Centurion and Healer","floor":24,"turns":6},{"damage":6,"enemies":"Snake Plant","floor":27,"turns":4},{"damage":0,"enemies":"Chosen and Byrds","floor":28,"turns":5},{"damage":0,"enemies":"Slaver and Parasite","floor":31,"turns":5},{"damage":35,"enemies":"Automaton","floor":33,"turns":9},{"damage":0,"enemies":"3 Shapes","floor":35,"turns":6},{"damage":0,"enemies":"Orb Walker","floor":38,"turns":3},{"damage":9,"enemies":"Maw","floor":39,"turns":6},{"damage":3,"enemies":"3 Darklings","floor":41,"turns":4},{"damage":23,"enemies":"4 Shapes","floor":42,"turns":3},{"damage":0,"enemies":"Giant Head","floor":44,"turns":7},{"damage":7,"enemies":"Sphere and 2 Shapes","floor":45,"turns":7},{"damage":0,"enemies":"Maw","floor":46,"turns":5},{"damage":2,"enemies":"Time Eater","floor":50,"turns":9}],"event_choices":[{"event_name":"Shining Light","player_choice":"Entered Light","floor":8,"damage_taken":0},{"event_name":"Bonfire Elementals","player_choice":"BASIC","floor":19,"damage_taken":0},{"event_name":"Back to Basics","player_choice":"Simplicity","floor":21,"damage_taken":0},{"event_name":"Mysterious Sphere","player_choice":"Ignore","floor":36,"damage_taken":0}],"boss_relics":[{"not_picked":["Eternal Feather","Tiny House"],"picked":"Velvet Choker"},{"not_picked":["Orrery","Pandora\u0027s Box"],"picked":"Mark of Pain"}],"potions_floor_spawned":[1,10,12,16,22,31,33,38,45,46],"seed_played":"-228109536189884009","ascension_level":0,"is_trial":false}