{"path_per_floor":["M","M","?","M","M","R","?","R","T","E","M","R","?","M","R","B",null,"M","$","?","?","M","R","M","?","T","M","$","R","E","M","R","B",null,"M","?","M","$","?","R","$","M","T","M","?","M","?","M","R","B"],"character_chosen":"IRONCLAD","items_purchased":["Vajra","Body Slam"],"gold_per_floor":[116,129,129,148,158,158,158,158,204,234,251,251,251,266,266,364,364,349,126,126,126,142,142,157,82,82,94,94,94,124,136,136,241,241,252,252,271,119,119,119,119,135,135,150,150,167,0,10,10,10],"floor_reached":51,"campfire_rested":0,"playtime":3506,"current_hp_per_floor":[80,79,79,80,80,80,80,80,80,55,59,59,52,55,55,36,80,80,80,80,80,74,74,70,70,70,75,75,75,76,80,80,22,80,80,70,76,76,76,76,76,70,70,66,66,72,72,80,80,56],"items_purged":["Perfected Strike","Headbutt"],"gold":10,"play_id":"428ab0ef-59d4-48a5-8b62-f51eea7f580a","is_prod":false,"is_daily":false,"is_ascension_mode":false,"campfire_upgraded":9,"path_taken":["M","M","?","M","?","R","?","R","T","E","?","R","?","M","R","BOSS","M","$","?","?","M","R","M","?","T","M","$","R","E","M","R","BOSS","M","?","M","$","?","R","$","?","T","M","?","M","?","M","R","BOSS"],"build_version":"2018-02-01-PROD3","purchased_purges":2,"victory":true,"master_deck":["Bash+1","Pommel Strike+1","Shrug It Off+1","True Grit+1","Shrug It Off+1","Double Tap","Flex","Entrench+1","Intimidate+1","Headbutt","Shockwave","Combust","Headbutt","Metallicize","Shrug It Off+1","Metallicize","Barricade+1","Madness","Madness","Bloodletting+1","Body Slam","Body Slam+1"],"max_hp_per_floor":[80,80,80,80,80,80,80,80,80,80,80,80,80,80,80,80,80,80,80,80,80,80,80,80,80,80,80,80,80,80,80,80,80,80,80,80,80,80,80,80,80,80,80,80,80,80,80,80,80,80],"relics":["Burning Blood","Pen Nib","Dream Catcher","Orichalcum","Pandora\u0027s Box","Vajra","Letter Opener","Mummified Hand","Philosopher\u0027s Stone","Meat on the Bone","Red Mask"],"card_choices":[{"not_picked":["Cleave","Heavy Blade"],"picked":"Pommel Strike"},{"not_picked":["Shockwave","Heavy Blade"],"picked":"Headbutt"},{"not_picked":["Clothesline","Dropkick"],"picked":"Pommel Strike"},{"not_picked":["Juggernaut","Iron Wave"],"picked":"Shrug It Off"},{"not_picked":["Entrench","Power Through"],"picked":"True Grit"},{"not_picked":["Clothesline","Seeing Red"],"picked":"Shrug It Off"},{"not_picked":["Immolate","Bludgeon"],"picked":"Double Tap"},{"not_picked":["Ghostly Armor","Twin Strike"],"picked":"Shrug It Off"},{"not_picked":["Headbutt","Body Slam"],"picked":"Metallicize"},{"not_picked":["Juggernaut","Berserk"],"picked":"Barricade"},{"not_picked":["Pommel Strike","Shrug It Off"],"picked":"Bloodletting"},{"not_picked":["True Grit","Cleave"],"picked":"Body Slam"}],"player_experience":877098,"potions_floor_usage":[11,14,18,30,30,48,50,50],"damage_taken":[{"damage":0,"enemies":"Small Slimes","floor":1,"turns":3},{"damage":7,"enemies":"2 Louse","floor":2,"turns":2},{"damage":1,"enemies":"Cultist","floor":4,"turns":3},{"damage":4,"enemies":"Gremlin Gang","floor":5,"turns":4},{"damage":31,"enemies":"Lagavulin","floor":10,"turns":5},{"damage":2,"enemies":"Exordium Thugs","floor":11,"turns":4},{"damage":3,"enemies":"Lots of Slimes","floor":14,"turns":4},{"damage":25,"enemies":"The Guardian","floor":16,"turns":13},{"damage":3,"enemies":"2 Thieves","floor":18,"turns":4},{"damage":12,"enemies":"3 Byrds","floor":22,"turns":4},{"damage":10,"enemies":"Snake Plant","floor":24,"turns":5},{"damage":1,"enemies":"Centurion and Healer","floor":27,"turns":6},{"damage":20,"enemies":"Book of Stabbing","floor":30,"turns":7},{"damage":0,"enemies":"Sentry and Sphere","floor":31,"turns":6},{"damage":64,"enemies":"Champ","floor":33,"turns":17},{"damage":6,"enemies":"3 Shapes","floor":35,"turns":5},{"damage":0,"enemies":"3 Darklings","floor":37,"turns":7},{"damage":12,"enemies":"4 Shapes","floor":42,"turns":7},{"damage":10,"enemies":"Sphere and 2 Shapes","floor":44,"turns":5},{"damage":0,"enemies":"3 Darklings","floor":46,"turns":3},{"damage":11,"enemies":"Maw","floor":48,"turns":7},{"damage":42,"enemies":"Donu and Deca","floor":50,"turns":7}],"event_choices":[{"event_name":"Liars Game","player_choice":"disagreed","floor":3,"damage_taken":0},{"event_name":"Accursed Blacksmith","player_choice":"Forge","floor":7,"damage_taken":0},{"event_name":"Golden Wing","player_choice":"Card Removal","floor":13,"damage_taken":0},{"event_name":"The Library","player_choice":"Read","floor":20,"damage_taken":0},{"event_name":"Wheel of Change","player_choice":"Full Heal","floor":21,"damage_taken":0},{"event_name":"Beggar","player_choice":"Gave Gold","floor":25,"damage_taken":0},{"event_name":"Winding Halls","player_choice":"Embrace Madness","floor":36,"damage_taken":0},{"event_name":"Mysterious Sphere","player_choice":"Ignore","floor":45,"damage_taken":0},{"event_name":"Tomb of Lord Red Mask","player_choice":"Paid","floor":47,"damage_taken":0}],"boss_relics":[{"not_picked":["Cursed Key","Question Card"],"picked":"Pandora\u0027s Box"},{"not_picked":["Tiny House","Calling Bell"],"picked":"Philosopher\u0027s Stone"}],"potions_floor_spawned":[2,10,11,16,18,24,42,48],"seed_played":"7459037586172367662","ascension_level":0,"is_trial":false}