{"path_per_floor":["M","?","M","$","M","R","?","T","T","R","M","R","M","?","R","B",null,"M","M","$","?","M","R","M","E","T","M","R","?","$","?","R","B",null,"M","?","M","?","M","R","$","R","T","M","R","M","?","M","R","B"],"character_chosen":"IRONCLAD","items_purchased":["Oddly Smooth Stone","Battle Trance"],"gold_per_floor":[114,114,134,59,78,78,78,78,147,147,161,161,180,209,209,306,336,353,365,43,43,62,62,82,113,113,131,131,131,6,6,6,107,107,124,124,134,134,147,147,147,147,147,159,159,179,179,197,197,197],"floor_reached":51,"campfire_rested":0,"playtime":1791,"current_hp_per_floor":[72,65,71,71,72,72,69,69,69,69,72,72,68,68,68,65,77,77,77,77,63,68,68,74,86,86,89,89,89,89,89,89,89,89,89,89,89,89,89,89,89,89,89,89,89,85,85,89,89,89],"items_purged":["Defend_R","Strike_R","Strike_R"],"gold":197,"score":582,"play_id":"5ee7e6e2-b035-459f-afe5-f29e8a1b43bb","is_prod":false,"is_daily":false,"is_ascension_mode":false,"campfire_upgraded":11,"path_taken":["M","?","M","?","M","R","?","?","T","R","M","R","?","?","R","BOSS","M","M","$","?","M","R","M","E","T","M","R","?","$","?","R","BOSS","M","?","M","?","M","R","$","R","T","M","R","M","?","?","R","BOSS"],"build_version":"2018-02-15-PROD1","purchased_purges":4,"victory":true,"master_deck":["Defend_R+1","Defend_R+1","Defend_R","Iron Wave+1","Inflame+1","Ghostly Armor+1","Body Slam+1","Barricade+1","Limit Break+1","Shrug It Off+1","Battle Trance+1","Metallicize+1","Metallicize+1"],"max_hp_per_floor":[72,72,72,72,72,72,72,72,72,72,72,72,72,72,72,72,77,77,77,77,82,82,82,82,89,89,89,89,89,89,89,89,89,89,89,89,89,89,89,89,89,89,89,89,89,89,89,89,89,89],"relics":["Burning Blood","Happy Flower","Torii","Centennial Puzzle","Odd Mushroom","Tiny House","Oddly Smooth Stone","Strawberry","Toolbox","Lizard Tail","Orichalcum"],"card_choices":[{"not_picked":["Perfected Strike","Armaments"],"picked":"Iron Wave"},{"not_picked":["Hemokinesis","Clothesline"],"picked":"Inflame"},{"not_picked":["Sword Boomerang","Iron Wave"],"picked":"Ghostly Armor"},{"not_picked":["Cleave","Twin Strike"],"picked":"Body Slam"},{"not_picked":["Shrug It Off","True Grit"],"picked":"Barricade"},{"not_picked":["Juggernaut","Dark Embrace"],"picked":"Limit Break"},{"not_picked":["Havoc","Wild Strike"],"picked":"Shrug It Off"},{"not_picked":["Reckless Charge","Combust"],"picked":"Metallicize"}],"player_experience":1234502,"potions_floor_usage":[25,25,50,50,50],"damage_taken":[{"damage":0,"enemies":"2 Louse","floor":1,"turns":4},{"damage":0,"enemies":"Small Slimes","floor":3,"turns":3},{"damage":1,"enemies":"Cultist","floor":5,"turns":3},{"damage":1,"enemies":"2 Fungi Beasts","floor":11,"turns":3},{"damage":10,"enemies":"Large Slime","floor":13,"turns":10},{"damage":6,"enemies":"The Mushroom Lair","floor":14,"turns":5},{"damage":9,"enemies":"The Guardian","floor":16,"turns":10},{"damage":0,"enemies":"Chosen","floor":18,"turns":6},{"damage":6,"enemies":"3 Byrds","floor":19,"turns":9},{"damage":1,"enemies":"Centurion and Healer","floor":22,"turns":9},{"damage":0,"enemies":"Sentry and Sphere","floor":24,"turns":5},{"damage":1,"enemies":"Gremlin Leader","floor":25,"turns":7},{"damage":0,"enemies":"Snecko","floor":27,"turns":6},{"damage":0,"enemies":"Automaton","floor":33,"turns":8},{"damage":0,"enemies":"3 Shapes","floor":35,"turns":4},{"damage":1,"enemies":"3 Darklings","floor":37,"turns":8},{"damage":0,"enemies":"Maw","floor":39,"turns":8},{"damage":0,"enemies":"Sphere and 2 Shapes","floor":44,"turns":7},{"damage":10,"enemies":"3 Darklings","floor":46,"turns":6},{"damage":0,"enemies":"4 Shapes","floor":48,"turns":9},{"damage":1,"enemies":"Time Eater","floor":50,"turns":8}],"event_choices":[{"event_name":"Golden Wing","player_choice":"Card Removal","floor":2,"damage_taken":0},{"event_name":"Scrap Ooze","player_choice":"success","floor":7,"damage_taken":3},{"event_name":"Mushrooms","player_choice":"Fought Mushrooms","floor":14,"damage_taken":0},{"event_name":"Forgotten Altar","player_choice":"Shed Blood","floor":21,"damage_taken":0},{"event_name":"The Mausoleum","player_choice":"No","floor":29,"damage_taken":0},{"event_name":"Addict","player_choice":"Ignored","floor":31,"damage_taken":0},{"event_name":"The Lab","player_choice":"Got Potions","floor":36,"damage_taken":0},{"event_name":"Match and Keep!","player_choice":"1 cards matched","floor":38,"damage_taken":0},{"event_name":"Purifier","player_choice":"One Purge","floor":47,"damage_taken":0}],"boss_relics":[{"not_picked":["Runic Pyramid","Runic Cube"],"picked":"Tiny House"},{"not_picked":["Snecko Eye","Orrery"],"picked":"Lizard Tail"}],"potions_floor_spawned":[5,16,19,24,27,33,37],"seed_played":"3576121761777133967","ascension_level":0,"is_trial":false}