{"path_per_floor":["M","?","$","M","M","R","E","R","T","M","?","M","R","?","R","B",null,"M","M","M","M","?","R"],"character_chosen":"IRONCLAD","items_purchased":[],"gold_per_floor":[211,211,136,155,175,175,204,204,204,214,214,234,234,261,261,339,339,356,367,383,393,393,393],"floor_reached":24,"campfire_rested":1,"playtime":1018,"current_hp_per_floor":[59,43,43,49,47,47,24,50,64,55,55,56,56,48,48,27,80,72,78,68,62,42,42],"items_purged":["Strike_R"],"gold":393,"score":352,"play_id":"1829f07f-95e1-425a-af96-c95241a60af4","is_prod":false,"is_daily":false,"is_ascension_mode":true,"campfire_upgraded":4,"path_taken":["M","?","$","M","M","R","E","R","T","?","?","M","R","?","R","BOSS","M","M","M","M","?","R","E"],"build_version":"2018-02-15-PROD1","purchased_purges":1,"victory":false,"master_deck":["Strike_R","Strike_R","Strike_R+1","Strike_R","Defend_R+1","Defend_R","Defend_R","Defend_R","Bash","Clothesline","Cleave+1","Body Slam+1","Battle Trance","Spot Weakness","Metallicize+1","Barricade+1","Ghostly Armor","Evolve+1","True Grit+1"],"max_hp_per_floor":[80,80,80,80,80,80,87,87,101,101,98,98,98,98,98,98,98,98,98,98,98,103,103],"relics":["Burning Blood","Strawberry","Mango","Odd Mushroom","Sozu"],"card_choices":[{"not_picked":["Feel No Pain","Sever Soul"],"picked":"Clothesline"},{"not_picked":["Pommel Strike","Twin Strike"],"picked":"Cleave"},{"not_picked":["Power Through","True Grit"],"picked":"Body Slam"},{"not_picked":["Rupture","Disarm"],"picked":"Battle Trance"},{"not_picked":["Inflame","Sentinel"],"picked":"Spot Weakness"},{"not_picked":["Wild Strike","Battle Trance"],"picked":"Metallicize"},{"not_picked":["Berserk","Feed"],"picked":"Barricade"},{"not_picked":["Perfected Strike","Spot Weakness"],"picked":"Ghostly Armor"},{"not_picked":["Thunderclap","Wild Strike"],"picked":"Evolve"},{"not_picked":["Entrench","Feel No Pain"],"picked":"True Grit"}],"player_experience":1217822,"potions_floor_usage":[],"damage_taken":[{"damage":19.0,"enemies":"Small Slimes","floor":1.0,"turns":6.0},{"damage":0.0,"enemies":"2 Louse","floor":4.0,"turns":3.0},{"damage":8.0,"enemies":"Blue Slaver","floor":5.0,"turns":4.0},{"damage":36.0,"enemies":"Lagavulin","floor":7.0,"turns":6.0},{"damage":15.0,"enemies":"3 Louse","floor":10.0,"turns":3.0},{"damage":5.0,"enemies":"Gremlin Gang","floor":12.0,"turns":4.0},{"damage":14.0,"enemies":"The Mushroom Lair","floor":14.0,"turns":4.0},{"damage":27.0,"enemies":"Hexaghost","floor":16.0,"turns":12.0},{"damage":14.0,"enemies":"2 Thieves","floor":18.0,"turns":4.0},{"damage":0.0,"enemies":"Chosen","floor":19.0,"turns":5.0},{"damage":16.0,"enemies":"Centurion and Healer","floor":20.0,"turns":8.0},{"damage":12.0,"enemies":"Snecko","floor":21.0,"turns":8.0},{"damage":5,"enemies":"Book of Stabbing","floor":24,"turns":2}],"event_choices":[{"event_name":"Shining Light","player_choice":"Entered Light","floor":2.0,"damage_taken":0.0},{"event_name":"Fountain of Cleansing","player_choice":"Removed Curse","floor":11.0,"damage_taken":0.0},{"event_name":"Mushrooms","player_choice":"Fought Mushrooms","floor":14.0,"damage_taken":0.0},{"event_name":"Forgotten Altar","player_choice":"Shed Blood","floor":22.0,"damage_taken":0.0}],"boss_relics":[],"potions_floor_spawned":[4,12,18,20],"seed_played":"7558152950525666315","killed_by":"Book of Stabbing","ascension_level":13,"is_trial":false}