{"path_per_floor":["M","M","M","?","$","R","M","R","T","?","E","M","M","T","R","B",null,"M","M","M","$","T","E","R","M","T","M","T","R","M","M","R","B",null,"M","?","?","?","?"],"character_chosen":"IRONCLAD","items_purchased":[],"gold_per_floor":[113,127,138,138,63,63,78,78,78,136,161,179,192,192,192,295,295,307,318,334,234,258,315,315,327,395,405,405,405,415,427,427,529,529,544,644,644,644,644],"floor_reached":40,"campfire_rested":1,"playtime":5405,"current_hp_per_floor":[70,75,80,73,73,73,77,77,77,57,46,49,49,49,49,7,80,80,80,78,78,78,48,48,53,53,44,44,44,53,58,84,51,89,92,92,92,80,80],"items_purged":["Defend_R","Strike_R"],"gold":644,"score":358,"play_id":"6ca91ca3-267c-4bb8-bff3-2d269b206f9c","is_prod":false,"is_daily":false,"is_ascension_mode":false,"campfire_upgraded":5,"path_taken":["M","?","M","?","$","R","M","R","T","?","E","M","M","?","R","BOSS","M","?","M","$","?","E","R","M","T","?","?","R","M","M","R","BOSS","M","?","?","?","?","E"],"build_version":"2018-02-08-PROD1","purchased_purges":2,"victory":false,"master_deck":["Strike_R","Strike_R","Defend_R","Defend_R","Defend_R","Bash","Fire Breathing+1","Shrug It Off+1","Evolve+1","Iron Wave","Pommel Strike","True Grit+1","Rampage+1","Feed","Shrug It Off","Ghostly Armor+1","Madness","Madness"],"max_hp_per_floor":[80,80,80,80,80,80,80,80,80,80,80,80,80,80,80,80,80,80,80,80,80,80,80,80,83,83,83,83,83,86,89,89,89,89,92,92,92,92,92],"relics":["Burning Blood","Ice Cream","Dream Catcher","Charon\u0027s Ashes","Du-Vu Doll","Sozu","Anchor","Tiny Chest","Blue Candle","Girya","Velvet Choker"],"card_choices":[{"not_picked":["Combust","Corruption"],"picked":"Shrug It Off"},{"not_picked":["Clothesline","Clash"],"picked":"Evolve"},{"not_picked":["Immolate","Anger"],"picked":"Iron Wave"},{"not_picked":["Thunderclap","Sword Boomerang"],"picked":"Pommel Strike"},{"not_picked":["True Grit","Cleave"],"picked":"Spot Weakness"},{"not_picked":["Anger","Sword Boomerang"],"picked":"True Grit"},{"not_picked":["True Grit","Wild Strike"],"picked":"Rampage"},{"not_picked":["Brutality","Offering"],"picked":"Feed"},{"not_picked":["Perfected Strike","Twin Strike"],"picked":"Shrug It Off"},{"not_picked":["Blood for Blood","Disarm"],"picked":"Ghostly Armor"}],"player_experience":1032927,"potions_floor_usage":[10,16],"damage_taken":[{"damage":16,"enemies":"Blue Slaver","floor":1,"turns":8},{"damage":1,"enemies":"2 Louse","floor":2,"turns":3},{"damage":0,"enemies":"Jaw Worm","floor":3,"turns":6},{"damage":2,"enemies":"3 Louse","floor":7,"turns":6},{"damage":26,"enemies":"Lagavulin Event","floor":10,"turns":8},{"damage":17,"enemies":"3 Sentries","floor":11,"turns":6},{"damage":3,"enemies":"Looter","floor":12,"turns":3},{"damage":6,"enemies":"Gremlin Gang","floor":13,"turns":5},{"damage":48,"enemies":"Slime Boss","floor":16,"turns":9},{"damage":5,"enemies":"Shell Parasite","floor":18,"turns":7},{"damage":1,"enemies":"Chosen","floor":19,"turns":5},{"damage":8,"enemies":"Snecko","floor":20,"turns":4},{"damage":36,"enemies":"Gremlin Leader","floor":23,"turns":7},{"damage":4,"enemies":"Cultist and Chosen","floor":25,"turns":6},{"damage":15,"enemies":"Snake Plant","floor":27,"turns":5},{"damage":0,"enemies":"Snecko","floor":30,"turns":4},{"damage":4,"enemies":"3 Cultists","floor":31,"turns":6},{"damage":39,"enemies":"Automaton","floor":33,"turns":10},{"damage":0,"enemies":"3 Shapes","floor":35,"turns":4},{"damage":97,"enemies":"Nemesis","floor":40,"turns":9}],"event_choices":[{"event_name":"Golden Wing","player_choice":"Card Removal","floor":4,"damage_taken":0},{"event_name":"Dead Adventurer","player_choice":"Searched \u00272\u0027 times","floor":10,"damage_taken":0},{"event_name":"Golden Shrine","player_choice":"Pray","floor":36,"damage_taken":0},{"event_name":"Winding Halls","player_choice":"Embrace Madness","floor":38,"damage_taken":0},{"event_name":"Mysterious Sphere","player_choice":"Ignore","floor":39,"damage_taken":0}],"boss_relics":[{"not_picked":["Runic Pyramid","Philosopher\u0027s Stone"],"picked":"Sozu"},{"not_picked":["Tiny House","Question Card"],"picked":"Velvet Choker"}],"potions_floor_spawned":[3,7,10,13,19,23,25,27,35],"seed_played":"3162355280653313244","killed_by":"Nemesis","ascension_level":0,"is_trial":false}