{"path_per_floor":["M","?","M","M","M","?","R","?","T","M","M","R","E","M","R","B",null,"M","M","$","?","?","R","E","R","T","T","M","R","M","M","R","B",null,"M","?","$","?","$","R","?","R","T","M","M","M","M","M","R","B"],"character_chosen":"IRONCLAD","items_purchased":["Singing Bowl","Offering"],"gold_per_floor":[13,13,29,49,59,159,159,159,212,224,240,240,265,285,285,386,386,386,311,81,81,81,81,81,81,81,81,81,81,81,81,81,81,81,81,81,81,81,1,1,0,0,0,0,0,0,0,0,0,0],"floor_reached":51,"campfire_rested":1,"playtime":2099,"current_hp_per_floor":[80,80,80,78,80,80,80,64,64,67,73,73,73,72,72,55,80,80,62,62,62,62,62,37,61,61,61,52,52,75,83,83,68,86,88,88,88,88,88,88,88,88,88,88,90,92,94,94,94,92],"items_purged":["Strike_R"],"gold":0,"score":571,"play_id":"3e80f203-0b56-4449-93f7-69846ace9056","local_time":"20180309214821","is_prod":false,"is_daily":false,"is_ascension_mode":false,"campfire_upgraded":9,"timestamp":1520628501,"path_taken":["M","?","M","?","M","?","R","?","T","M","?","R","E","M","R","BOSS","M","M","$","?","?","R","E","R","T","?","M","R","M","?","R","BOSS","M","?","$","?","$","R","?","R","T","?","M","M","M","M","R","BOSS"],"build_version":"2018-03-01-PROD1","purchased_purges":1,"victory":true,"master_deck":["Strike_R","Strike_R+1","Strike_R","Strike_R","Defend_R+1","Defend_R+1","Defend_R+1","Defend_R+1","Bash","Rampage+1","Headbutt","Shrug It Off+1","Seeing Red+1","Barricade+1","Entrench+1","Offering+1","True Grit+1","Offering+1","Battle Trance+1"],"max_hp_per_floor":[80,80,80,80,80,80,80,80,80,80,80,80,80,80,80,80,80,80,80,80,80,80,80,80,80,80,80,82,82,84,86,86,86,86,88,88,88,88,88,88,88,88,88,88,90,92,94,96,96,96],"relics":["Burning Blood","Frozen Eye","Lantern","Darkstone Periapt","Ectoplasm","Singing Bowl","Omamori","Gambling Chip","Sundial","Cursed Key","Girya","Red Mask","Anchor"],"card_choices":[{"not_picked":["Warcry","Searing Blow"],"picked":"Rampage"},{"not_picked":["Perfected Strike","Spot Weakness"],"picked":"Headbutt"},{"not_picked":["Sword Boomerang","Evolve"],"picked":"Shrug It Off"},{"not_picked":["Anger","Bloodletting"],"picked":"Seeing Red"},{"not_picked":["Immolate","Limit Break"],"picked":"Barricade"},{"not_picked":["Headbutt","Disarm"],"picked":"Entrench"},{"not_picked":["Berserk","Brutality"],"picked":"Offering"},{"not_picked":["Perfected Strike","Twin Strike"],"picked":"True Grit"},{"not_picked":["Seeing Red","Second Wind"],"picked":"Battle Trance"}],"player_experience":1491948,"potions_floor_usage":[13,13,18,24,30,48,50,50,50],"damage_taken":[{"damage":5,"enemies":"Small Slimes","floor":1,"turns":3},{"damage":1,"enemies":"Cultist","floor":3,"turns":3},{"damage":8,"enemies":"Jaw Worm","floor":4,"turns":3},{"damage":0,"enemies":"Looter","floor":5,"turns":4},{"damage":3,"enemies":"Gremlin Gang","floor":10,"turns":5},{"damage":0,"enemies":"Large Slime","floor":11,"turns":8},{"damage":6,"enemies":"Gremlin Nob","floor":13,"turns":3},{"damage":7,"enemies":"Blue Slaver","floor":14,"turns":3},{"damage":23,"enemies":"The Guardian","floor":16,"turns":10},{"damage":6,"enemies":"Spheric Guardian","floor":18,"turns":5},{"damage":24,"enemies":"2 Thieves","floor":19,"turns":4},{"damage":31,"enemies":"Slavers","floor":24,"turns":8},{"damage":17,"enemies":"Slaver and Parasite","floor":28,"turns":7},{"damage":0,"enemies":"3 Cultists","floor":30,"turns":9},{"damage":0,"enemies":"Snake Plant","floor":31,"turns":5},{"damage":21,"enemies":"Automaton","floor":33,"turns":14},{"damage":4,"enemies":"Orb Walker","floor":35,"turns":5},{"damage":4,"enemies":"Mysterious Sphere","floor":36,"turns":11},{"damage":4,"enemies":"3 Shapes","floor":44,"turns":6},{"damage":4,"enemies":"3 Darklings","floor":45,"turns":13},{"damage":4,"enemies":"Sphere and 2 Shapes","floor":46,"turns":7},{"damage":4,"enemies":"4 Shapes","floor":47,"turns":8},{"damage":8,"enemies":"3 Darklings","floor":48,"turns":10},{"damage":8,"enemies":"Awakened One","floor":50,"turns":11}],"event_choices":[{"event_name":"Accursed Blacksmith","player_choice":"Forge","floor":2,"damage_taken":0},{"event_name":"Golden Shrine","player_choice":"Pray","floor":6,"damage_taken":0},{"event_name":"Shining Light","player_choice":"Entered Light","floor":8,"damage_taken":0},{"event_name":"Drug Dealer","player_choice":"Ignored","floor":21,"damage_taken":0},{"event_name":"Upgrade Shrine","player_choice":"Upgraded","floor":22,"damage_taken":0},{"event_name":"Mysterious Sphere","player_choice":"Fight","floor":36,"damage_taken":0},{"event_name":"Winding Halls","player_choice":"Writhe","floor":38,"damage_taken":0},{"event_name":"Tomb of Lord Red Mask","player_choice":"Paid","floor":41,"damage_taken":0}],"boss_relics":[{"not_picked":["Snecko Eye","Pandora\u0027s Box"],"picked":"Ectoplasm"},{"not_picked":["White Beast Statue","Black Star"],"picked":"Cursed Key"}],"potions_floor_spawned":[3,5,11,14,18,24,28,35,36,44,48],"seed_played":"-2618664876296954110","ascension_level":0,"is_trial":false}