{"path_per_floor":["M","M","M","?","M","E","R","M","T","E","?","R","M","M","R","B",null,"M","M","M","$","M","R","M","E","T","R","M","?","$","M","R","B",null,"M","$","M","?","?","R","M","M","T","?","$","M","R","M","R","B"],"character_chosen":"IRONCLAD","items_purchased":["Inflame","Ghostly Armor","Madness","Offering","Strength Potion","Jack Of All Trades"],"gold_per_floor":[115,130,145,145,155,180,180,199,226,259,286,286,300,318,318,418,418,429,440,456,345,357,357,368,398,398,398,412,412,178,195,195,292,292,303,178,190,190,190,190,200,213,267,267,40,55,55,68,68,68],"floor_reached":51,"campfire_rested":3,"playtime":3787,"current_hp_per_floor":[80,80,80,64,68,46,46,57,57,69,67,67,73,79,79,48,80,75,70,63,63,44,44,35,19,19,43,34,34,34,22,46,13,80,80,80,80,80,80,80,70,74,74,64,64,57,57,63,80,36],"items_purged":["Strike_R","Entrench","Juggernaut"],"gold":68,"score":485,"play_id":"af6df0f3-0cb2-46a9-bf8c-8eef4b711479","local_time":"20180304223046","is_prod":false,"is_daily":false,"is_ascension_mode":false,"campfire_upgraded":6,"timestamp":1520199046,"path_taken":["M","M","M","?","M","E","R","M","T","E","?","R","M","M","R","BOSS","M","?","?","$","M","R","M","E","T","R","M","?","$","M","R","BOSS","M","$","M","?","?","R","M","M","T","?","?","?","R","M","R","BOSS"],"build_version":"2018-03-01-PROD1","purchased_purges":4,"victory":true,"master_deck":["Defend_R","Defend_R+1","Defend_R+1","Defend_R","Iron Wave","Evolve+1","Twin Strike","Uppercut+1","Immolate","Body Slam+1","Shrug It Off","Flame Barrier","Wild Strike","Power Through","Fiend Fire+1","Disarm","Inflame","Wild Strike+1","Warcry+1","Ghostly Armor","Madness","Barricade+1","Twin Strike+1","Clothesline+1","Body Slam+1","Warcry+1","Madness","Madness","Offering","Jack Of All Trades+1","Armaments+1"],"max_hp_per_floor":[80,80,80,80,80,80,80,80,80,80,80,80,80,80,80,80,80,80,80,80,80,80,80,80,80,80,80,80,80,80,80,80,80,80,80,80,80,80,80,80,80,80,80,80,80,80,80,80,80,80],"relics":["Burning Blood","Prayer Wheel","Orichalcum","Bag of Marbles","Odd Mushroom","Question Card","Ginger","Happy Flower","Astrolabe","Lantern"],"card_choices":[{"not_picked":["Twin Strike","Havoc"],"picked":"Iron Wave"},{"not_picked":["Headbutt","Heavy Blade"],"picked":"Evolve"},{"not_picked":["Perfected Strike","Flex"],"picked":"Twin Strike"},{"not_picked":["Second Wind","Clothesline"],"picked":"Uppercut"},{"not_picked":["Thunderclap","Demon Form"],"picked":"Immolate"},{"not_picked":["Heavy Blade","Pummel"],"picked":"Body Slam"},{"not_picked":["Clothesline","Armaments"],"picked":"Shrug It Off"},{"not_picked":["Exhume","Warcry"],"picked":"Flame Barrier"},{"not_picked":["Body Slam","Dual Wield"],"picked":"Wild Strike"},{"not_picked":["Headbutt","Clash"],"picked":"Power Through"},{"not_picked":["Juggernaut","Impervious"],"picked":"Fiend Fire"},{"not_picked":["Perfected Strike","Entrench","Twin Strike"],"picked":"Disarm"},{"not_picked":["Heavy Blade","Limit Break","Carnage"],"picked":"Wild Strike"},{"not_picked":["Clothesline","Feel No Pain","True Grit"],"picked":"Warcry"},{"not_picked":["Carnage","Pommel Strike","Entrench"],"picked":"Flex"},{"not_picked":["Double Tap","Bludgeon","Berserk"],"picked":"Barricade"},{"not_picked":["Carnage","Reckless Charge","Clothesline"],"picked":"Body Slam"},{"not_picked":["Headbutt","Havoc","Pommel Strike"],"picked":"Warcry"},{"not_picked":["Body Slam","Wild Strike","Limit Break"],"picked":"Armaments"}],"player_experience":1448026,"potions_floor_usage":[35,41,46,50,50,50],"damage_taken":[{"damage":4.0,"enemies":"2 Louse","floor":1.0,"turns":4.0},{"damage":1.0,"enemies":"Jaw Worm","floor":2.0,"turns":4.0},{"damage":2.0,"enemies":"Small Slimes","floor":3.0,"turns":4.0},{"damage":2.0,"enemies":"2 Fungi Beasts","floor":5.0,"turns":4.0},{"damage":28.0,"enemies":"Lagavulin","floor":6.0,"turns":8.0},{"damage":1.0,"enemies":"Blue Slaver","floor":8.0,"turns":3.0},{"damage":3.0,"enemies":"Gremlin Nob","floor":10.0,"turns":4.0},{"damage":8.0,"enemies":"The Mushroom Lair","floor":11.0,"turns":6.0},{"damage":0.0,"enemies":"Gremlin Gang","floor":13.0,"turns":5.0},{"damage":0.0,"enemies":"Lots of Slimes","floor":14.0,"turns":5.0},{"damage":37.0,"enemies":"Slime Boss","floor":16.0,"turns":12.0},{"damage":11.0,"enemies":"2 Thieves","floor":18.0,"turns":5.0},{"damage":11.0,"enemies":"Spheric Guardian","floor":19.0,"turns":4.0},{"damage":13.0,"enemies":"Slaver and Parasite","floor":20.0,"turns":10.0},{"damage":25.0,"enemies":"Sentry and Sphere","floor":22.0,"turns":8.0},{"damage":15.0,"enemies":"Snecko","floor":24.0,"turns":5.0},{"damage":22.0,"enemies":"Slavers","floor":25.0,"turns":6.0},{"damage":15.0,"enemies":"Snake Plant","floor":28.0,"turns":2.0},{"damage":18.0,"enemies":"Centurion and Healer","floor":31.0,"turns":6.0},{"damage":39.0,"enemies":"Champ","floor":33.0,"turns":14.0},{"damage":6,"enemies":"3 Darklings","floor":35,"turns":8},{"damage":1,"enemies":"3 Shapes","floor":37,"turns":7},{"damage":16,"enemies":"Maw","floor":41,"turns":9},{"damage":2,"enemies":"3 Darklings","floor":42,"turns":9},{"damage":17,"enemies":"Sphere and 2 Shapes","floor":46,"turns":10},{"damage":0,"enemies":"4 Shapes","floor":48,"turns":7},{"damage":50,"enemies":"Awakened One","floor":50,"turns":18}],"event_choices":[{"event_name":"Shining Light","player_choice":"Entered Light","floor":4.0,"damage_taken":0.0},{"event_name":"Mushrooms","player_choice":"Fought Mushrooms","floor":11.0,"damage_taken":0.0},{"event_name":"Transmorgrifier","player_choice":"Transform","floor":29.0,"damage_taken":0.0},{"event_name":"Mysterious Sphere","player_choice":"Ignore","floor":38,"damage_taken":0},{"event_name":"Winding Halls","player_choice":"Embrace Madness","floor":44,"damage_taken":0}],"boss_relics":[],"potions_floor_spawned":[2,6,10,14,19,25,28,33,37,42,46],"seed_played":"3215897666433222514","ascension_level":0,"is_trial":false}