{"path_per_floor":["M","$","M","?","M","R","M","?","T","M","R","M","R","M","R","B",null,"M","M","M","M","?","R","E","?","T","R","?","R","M","$","R","B",null,"M","T","M","M","$","R","?","M","T","M","$","R","M","M","R","B"],"character_chosen":"IRONCLAD","items_purchased":["Inflame","Anchor","Evolve","Flame Barrier","Dexterity Potion"],"gold_per_floor":[113,40,60,60,73,73,93,93,93,106,106,120,120,144,144,272,272,291,306,320,336,336,336,379,379,406,406,406,406,431,356,356,482,482,505,532,550,564,237,237,237,250,250,275,22,22,35,58,58,58],"floor_reached":51,"campfire_rested":0,"playtime":2075,"current_hp_per_floor":[70,70,72,54,59,59,65,51,51,57,57,63,63,69,69,45,72,62,63,72,72,72,72,62,62,62,62,62,62,70,70,70,30,72,59,59,67,65,65,65,65,72,72,72,72,72,72,72,72,66],"items_purged":["Regret","Injury","Bash"],"gold":58,"score":663,"play_id":"7f0c94ae-69b2-4030-b7b5-b479299b6b8c","local_time":"20180325175211","is_prod":false,"is_daily":false,"is_ascension_mode":false,"campfire_upgraded":11,"timestamp":1521993131,"path_taken":["M","$","M","?","?","R","M","?","T","M","R","M","R","M","R","BOSS","M","M","?","M","?","R","E","?","T","R","?","R","M","$","R","BOSS","M","?","M","M","$","R","?","?","T","M","$","R","M","M","R","BOSS"],"build_version":"2018-03-22v2","purchased_purges":3,"victory":true,"master_deck":["Strike_R+1","Strike_R+1","Strike_R+1","Defend_R+1","Defend_R+1","Defend_R+1","Defend_R+1","Inflame+1","Rage+1","Iron Wave+1","Cleave+1","Barricade+1","Demon Form+1","Battle Trance+1","Havoc+1","Uppercut+1","Warcry+1","Uppercut+1","Entrench+1","Evolve+1","Ghostly Armor+1","Flame Barrier+1"],"max_hp_per_floor":[72,72,72,72,72,72,72,72,72,72,72,72,72,72,72,72,72,72,72,72,72,72,72,72,72,72,72,72,72,72,72,72,72,72,72,72,72,72,72,72,72,72,72,72,72,72,72,72,72,72],"relics":["Burning Blood","Golden Idol","Mercury Hourglass","Cursed Key","Blood Vial","Regal Pillow","Lizard Tail","Omamori","Anchor","Red Skull"],"card_choices":[{"not_picked":["Searing Blow","Second Wind"],"picked":"Rage","floor":3},{"not_picked":["Pommel Strike","Anger"],"picked":"Iron Wave","floor":5},{"not_picked":["Pommel Strike","Anger"],"picked":"Cleave","floor":7},{"not_picked":["Thunderclap","Pommel Strike"],"picked":"Clothesline","floor":10},{"not_picked":["True Grit","Clothesline"],"picked":"Barricade","floor":12},{"not_picked":["Impervious","Double Tap"],"picked":"Demon Form","floor":16},{"not_picked":["Cleave","Iron Wave"],"picked":"Battle Trance","floor":18},{"not_picked":["Rampage","Fire Breathing"],"picked":"Havoc","floor":19},{"not_picked":["Wild Strike","Power Through"],"picked":"Uppercut","floor":20},{"not_picked":["Disarm","Inflame"],"picked":"Warcry","floor":21},{"not_picked":["Blood for Blood","Twin Strike"],"picked":"Uppercut","floor":30},{"not_picked":["Shockwave","Clothesline"],"picked":"Entrench","floor":35},{"not_picked":["Battle Trance","Pommel Strike"],"picked":"Ghostly Armor","floor":42}],"player_experience":1597147,"potions_floor_usage":[19,20,35,50,50,50],"damage_taken":[{"damage":8,"enemies":"2 Louse","floor":1,"turns":4},{"damage":1,"enemies":"Jaw Worm","floor":3,"turns":4},{"damage":1,"enemies":"Cultist","floor":5,"turns":5},{"damage":0,"enemies":"Blue Slaver","floor":7,"turns":5},{"damage":0,"enemies":"3 Louse","floor":10,"turns":2},{"damage":0,"enemies":"2 Fungi Beasts","floor":12,"turns":2},{"damage":0,"enemies":"Gremlin Gang","floor":14,"turns":3},{"damage":30,"enemies":"Slime Boss","floor":16,"turns":12},{"damage":16,"enemies":"Shell Parasite","floor":18,"turns":4},{"damage":5,"enemies":"3 Byrds","floor":19,"turns":3},{"damage":12,"enemies":"Slaver and Parasite","floor":20,"turns":9},{"damage":0,"enemies":"Centurion and Healer","floor":21,"turns":5},{"damage":16,"enemies":"Book of Stabbing","floor":24,"turns":5},{"damage":0,"enemies":"Snecko","floor":30,"turns":4},{"damage":48,"enemies":"Collector","floor":33,"turns":8},{"damage":19,"enemies":"3 Darklings","floor":35,"turns":7},{"damage":0,"enemies":"Orb Walker","floor":37,"turns":3},{"damage":10,"enemies":"4 Shapes","floor":38,"turns":7},{"damage":0,"enemies":"Maw","floor":42,"turns":7},{"damage":3,"enemies":"3 Darklings","floor":44,"turns":7},{"damage":0,"enemies":"4 Shapes","floor":47,"turns":6},{"damage":0,"enemies":"Sphere and 2 Shapes","floor":48,"turns":7},{"damage":12,"enemies":"Time Eater","floor":50,"turns":12}],"event_choices":[{"event_name":"Golden Idol","player_choice":"Take Damage","floor":4,"damage_taken":0},{"event_name":"Shining Light","player_choice":"Entered Light","floor":8,"damage_taken":0},{"event_name":"Vampires","player_choice":"Ignored","floor":22,"damage_taken":0},{"event_name":"Back to Basics","player_choice":"Simplicity","floor":25,"damage_taken":0},{"event_name":"Drug Dealer","player_choice":"Ignored","floor":28,"damage_taken":0}],"boss_relics":[{"not_picked":["Astrolabe","Pandora\u0027s Box"],"picked":"Cursed Key"},{"not_picked":["Black Blood","Runic Dome"],"picked":"Lizard Tail"}],"potions_floor_spawned":[3,10,16,21,33,38,42,44],"seed_played":"-3785820358742295802","ascension_level":0,"is_trial":false}