{"path_per_floor":["M","M","?","?","?","E","R","M","T","?","M","?","R","M","R","B",null,"M","?","$","M","?","R","M","M","T","T","T","$","?","M","R","B",null,"M","$","$","?","M","R","M","R","T","T","$","R","M","?","R","B"],"character_chosen":"IRONCLAD","items_purchased":["Corruption","Dead Branch","Havoc","Exhume","Madness","Apotheosis","Feel No Pain","Dexterity Potion"],"gold_per_floor":[113,133,133,133,133,174,174,197,197,272,292,292,292,307,307,433,433,451,376,24,38,488,488,507,526,556,580,625,99,99,124,124,247,247,261,92,92,92,112,112,130,130,204,204,30,30,50,50,50,50],"floor_reached":51,"campfire_rested":2,"playtime":1860,"current_hp_per_floor":[80,80,80,60,60,32,32,38,52,41,43,36,36,42,42,8,94,94,94,94,94,46,46,44,44,44,44,44,44,44,52,80,42,94,94,94,94,94,85,85,94,94,94,94,94,94,94,82,94,59],"items_purged":["Pain","Regret","Writhe"],"gold":50,"score":743,"play_id":"f8b30108-20bd-4b92-874e-730020b72614","local_time":"20180320102747","is_prod":false,"is_daily":false,"is_ascension_mode":false,"campfire_upgraded":6,"timestamp":1521538067,"path_taken":["M","?","?","?","?","E","R","M","T","?","?","?","R","M","R","BOSS","M","?","$","M","?","R","M","?","T","?","?","$","?","M","R","BOSS","M","?","$","?","M","R","M","R","T","?","$","R","?","?","R","BOSS"],"build_version":"2018-03-15v3","purchased_purges":4,"victory":true,"master_deck":["Strike_R","Strike_R","Strike_R","Defend_R+1","Defend_R+1","Defend_R+1","Defend_R","Bash","Body Slam+1","Carnage","True Grit+1","Rampage+1","Double Tap","Corruption+1","Body Slam","Shockwave","Havoc","Exhume","Madness","Apotheosis+1","Warcry","Impervious","Shrug It Off","Feel No Pain+1","Seeing Red","Pommel Strike","Parasite","Injury","Shrug It Off+1","Madness","Madness"],"max_hp_per_floor":[80,80,80,80,80,80,80,80,94,94,94,94,94,94,94,94,94,94,94,94,94,94,94,94,94,94,94,94,94,94,94,94,94,94,94,94,94,94,94,94,94,94,94,94,94,94,94,94,94,94],"relics":["Burning Blood","Golden Idol","War Paint","Mango","Cursed Key","Dead Branch","Tiny Chest","Blood Vial","Vajra","Runic Dome","Dodecahedron","Girya"],"card_choices":[{"not_picked":["Reckless Charge","Blood for Blood"],"picked":"Body Slam"},{"not_picked":["Exhume","Anger"],"picked":"Carnage"},{"not_picked":["Anger","Clash"],"picked":"True Grit"},{"not_picked":["Clash","Uppercut"],"picked":"Rampage"},{"not_picked":["Brutality","Demon Form"],"picked":"Double Tap"},{"not_picked":["Flex","Inflame"],"picked":"Body Slam"},{"not_picked":["Power Through","Blood for Blood"],"picked":"Shockwave"},{"not_picked":["Flex","Twin Strike"],"picked":"Warcry"},{"not_picked":["Limit Break","Brutality"],"picked":"Impervious"},{"not_picked":["Havoc","Cleave"],"picked":"Shrug It Off"},{"not_picked":["Carnage","Body Slam"],"picked":"Seeing Red"},{"not_picked":["Flex","Wild Strike"],"picked":"Pommel Strike"},{"not_picked":["Cleave","Sentinel"],"picked":"Shrug It Off"}],"player_experience":1557533,"potions_floor_usage":[6,16,18,25,41,50,50],"damage_taken":[{"damage":6,"enemies":"Cultist","floor":1,"turns":4},{"damage":0,"enemies":"Small Slimes","floor":2,"turns":4},{"damage":34,"enemies":"Lagavulin","floor":6,"turns":6},{"damage":0,"enemies":"2 Louse","floor":8,"turns":2},{"damage":4,"enemies":"Blue Slaver","floor":11,"turns":3},{"damage":0,"enemies":"Large Slime","floor":14,"turns":5},{"damage":40,"enemies":"Slime Boss","floor":16,"turns":12},{"damage":0,"enemies":"Chosen","floor":18,"turns":3},{"damage":0,"enemies":"3 Byrds","floor":21,"turns":4},{"damage":8,"enemies":"Snecko","floor":24,"turns":3},{"damage":6,"enemies":"Centurion and Healer","floor":25,"turns":5},{"damage":9,"enemies":"Sentry and Sphere","floor":31,"turns":4},{"damage":46,"enemies":"Collector","floor":33,"turns":9},{"damage":5,"enemies":"3 Shapes","floor":35,"turns":4},{"damage":15,"enemies":"Orb Walker","floor":39,"turns":4},{"damage":7,"enemies":"3 Darklings","floor":41,"turns":5},{"damage":2,"enemies":"4 Shapes","floor":47,"turns":2},{"damage":41,"enemies":"Donu and Deca","floor":50,"turns":6}],"event_choices":[{"event_name":"Liars Game","player_choice":"disagreed","floor":3,"damage_taken":0},{"event_name":"Golden Idol","player_choice":"Take Damage","floor":4,"damage_taken":0},{"event_name":"Upgrade Shrine","player_choice":"Upgraded","floor":5,"damage_taken":0},{"event_name":"World of Goop","player_choice":"Gather Gold","floor":10,"damage_taken":0},{"event_name":"Golden Wing","player_choice":"Card Removal","floor":12,"damage_taken":0},{"event_name":"Beggar","player_choice":"Gave Gold","floor":19,"damage_taken":0},{"event_name":"Knowing Skull","player_choice":"GOLD GOLD GOLD GOLD GOLD ","floor":22,"damage_taken":0},{"event_name":"The Mausoleum","player_choice":"No","floor":30,"damage_taken":0},{"event_name":"Mysterious Sphere","player_choice":"Ignore","floor":38,"damage_taken":0},{"event_name":"Winding Halls","player_choice":"Embrace Madness","floor":48,"damage_taken":0}],"boss_relics":[{"not_picked":["Runic Pyramid","Astrolabe"],"picked":"Cursed Key"},{"not_picked":["Philosopher\u0027s Stone","White Beast Statue"],"picked":"Runic Dome"}],"potions_floor_spawned":[1,8,14,16,21,25,31,41,47],"seed_played":"-5075816686696384714","ascension_level":0,"is_trial":false}