{"path_per_floor":["M","?","M","?","?","E","$","R","T","E","M","R","M","M","R","B",null,"M","?","M","M","$","R","$","R","T","?","R","M","E","?","R","B",null,"M","$","?","M","$","R","M","M","T","?","$","?","R","M","R","B"],"character_chosen":"IRONCLAD","items_purchased":["Barricade","True Grit","Mummified Hand","Shrug It Off","Shrug It Off"],"gold_per_floor":[213,163,178,178,178,206,5,5,87,119,139,139,150,168,168,269,269,279,279,296,308,27,27,3,3,29,29,29,45,79,79,79,179,179,192,117,117,127,27,27,44,58,105,105,105,105,105,119,119,119],"floor_reached":51,"campfire_rested":0,"playtime":3028,"current_hp_per_floor":[80,80,80,73,57,43,43,43,43,36,42,42,43,55,55,67,80,82,82,82,91,91,91,91,91,91,91,91,94,94,75,75,85,102,106,106,96,109,109,109,112,115,115,115,115,115,115,119,119,119],"items_purged":["Anger","Havoc"],"gold":119,"score":974,"play_id":"19c8f6c4-8137-43ed-85fe-be07c8d91c78","local_time":"20180403102237","is_prod":false,"is_daily":false,"is_ascension_mode":false,"campfire_upgraded":10,"timestamp":1522743757,"path_taken":["M","?","M","?","?","E","$","R","T","E","M","R","M","?","R","BOSS","M","?","M","?","$","R","?","R","T","?","R","M","E","?","R","BOSS","M","$","?","M","$","R","M","M","T","?","$","?","R","M","R","BOSS"],"build_version":"2018-03-29v2","purchased_purges":3,"victory":true,"master_deck":["Uppercut+1","Metallicize+1","Barricade+1","True Grit+1","Battle Trance+1","Reaper+1","Shrug It Off+1","Feed","Clothesline","Armaments","Entrench+1","Shrug It Off+1","Pommel Strike","Twin Strike","Iron Wave+1","True Grit+1","Shrug It Off+1","Shrug It Off+1","Shrug It Off+1","Juggernaut+1","Body Slam+1","Thinking Ahead"],"max_hp_per_floor":[80,80,80,80,80,80,80,80,80,80,80,80,80,80,80,80,80,84,84,87,91,91,91,91,91,91,91,91,94,94,99,99,102,102,106,106,106,109,109,109,112,115,115,115,115,115,115,119,119,119],"relics":["Burning Blood","Oddly Smooth Stone","Matryoshka","Bag of Marbles","Pandora\u0027s Box","Kunai","Mummified Hand","Mercury Hourglass","Bag of Preparation","Paper Frog","Velvet Choker","Whetstone","Anchor"],"card_choices":[{"not_picked":["Heavy Blade","Body Slam"],"picked":"Uppercut","floor":1.0},{"not_picked":["Headbutt","Havoc"],"picked":"Metallicize","floor":3.0},{"not_picked":["Warcry","Dual Wield"],"picked":"Battle Trance","floor":10.0},{"not_picked":["Anger","Havoc"],"picked":"Reaper","floor":11.0},{"not_picked":["Seeing Red","Pummel"],"picked":"Shrug It Off","floor":14.0},{"not_picked":["Impervious","Dark Embrace"],"picked":"Feed","floor":16.0},{"not_picked":["Clothesline","Rupture"],"picked":"Iron Wave","floor":18.0},{"not_picked":["Wild Strike","Power Through"],"picked":"True Grit","floor":20.0},{"not_picked":["Clothesline","Armaments"],"picked":"Shrug It Off","floor":21.0},{"not_picked":["Fiend Fire","Double Tap"],"picked":"Juggernaut","floor":33},{"not_picked":["Pommel Strike","Cleave"],"picked":"Body Slam","floor":42},{"not_picked":["Swift Strike","Good Instincts"],"picked":"Thinking Ahead","floor":44}],"player_experience":1651355,"potions_floor_usage":[30,41,50,50],"damage_taken":[{"damage":3.0,"enemies":"Small Slimes","floor":1.0,"turns":4.0},{"damage":1.0,"enemies":"2 Louse","floor":3.0,"turns":3.0},{"damage":20.0,"enemies":"Gremlin Nob","floor":6.0,"turns":5.0},{"damage":13.0,"enemies":"3 Sentries","floor":10.0,"turns":19.0},{"damage":0.0,"enemies":"Jaw Worm","floor":11.0,"turns":3.0},{"damage":13.0,"enemies":"Lots of Slimes","floor":13.0,"turns":4.0},{"damage":0.0,"enemies":"Large Slime","floor":14.0,"turns":8.0},{"damage":0.0,"enemies":"The Guardian","floor":16.0,"turns":18.0},{"damage":8.0,"enemies":"Chosen","floor":18.0,"turns":6.0},{"damage":9.0,"enemies":"Shell Parasite","floor":20.0,"turns":12.0},{"damage":0.0,"enemies":"Sentry and Sphere","floor":21.0,"turns":24.0},{"damage":0.0,"enemies":"Snecko","floor":29.0,"turns":7.0},{"damage":0,"enemies":"Gremlin Leader","floor":30,"turns":21},{"damage":0,"enemies":"Champ","floor":33,"turns":45},{"damage":0,"enemies":"3 Darklings","floor":35,"turns":9},{"damage":0,"enemies":"3 Shapes","floor":38,"turns":5},{"damage":0,"enemies":"Sphere and 2 Shapes","floor":41,"turns":7},{"damage":0,"enemies":"3 Darklings","floor":42,"turns":12},{"damage":0,"enemies":"4 Shapes","floor":48,"turns":7},{"damage":0,"enemies":"Time Eater","floor":50,"turns":7}],"event_choices":[{"event_name":"The Cleric","player_choice":"Card Removal","floor":2.0,"damage_taken":0.0},{"event_name":"Golden Wing","player_choice":"Card Removal","floor":4.0,"damage_taken":0.0},{"event_name":"Shining Light","player_choice":"Entered Light","floor":5.0,"damage_taken":0.0},{"event_name":"The Mausoleum","player_choice":"Yes","floor":19.0,"damage_taken":0.0},{"event_name":"Vampires","player_choice":"Ignored","floor":27.0,"damage_taken":0.0},{"event_name":"Forgotten Altar","player_choice":"Shed Blood","floor":31,"damage_taken":0},{"event_name":"Wheel of Change","player_choice":"Damage","floor":37,"damage_taken":0},{"event_name":"SensoryStone","player_choice":"Memory 1","floor":44,"damage_taken":0},{"event_name":"Upgrade Shrine","player_choice":"Upgraded","floor":46,"damage_taken":0}],"boss_relics":[{"not_picked":["White Beast Statue","Calling Bell"],"picked":"Velvet Choker"}],"potions_floor_spawned":[3,6,13,16,21,29,33,38,42],"seed_played":"7683636331323121882","ascension_level":0,"is_trial":false}