{"path_per_floor":["M","M","M","M","$","R","M","R","T","M","R","M","E","?","R","B",null,"M","$","M","M","?","R","?","?","T","E","M","R","E","M","R","B",null,"M","?","M","M","M","R","M","E","T","M","$","R","$","M","R","B"],"character_chosen":"IRONCLAD","items_purchased":["Bag of Preparation","Metallicize","Ornamental Fan","Disarm","Pummel"],"gold_per_floor":[109,127,147,160,85,85,101,101,183,198,198,210,243,343,343,438,438,454,134,148,168,168,168,168,168,218,248,268,268,294,314,314,411,411,421,421,436,454,469,469,479,505,505,524,399,399,11,24,24,24],"floor_reached":51,"campfire_rested":0,"playtime":10720,"current_hp_per_floor":[80,80,80,69,69,69,73,73,73,71,71,76,69,69,69,28,80,80,80,80,79,80,80,80,80,80,71,80,80,68,72,72,43,80,80,80,80,78,69,69,70,63,63,75,75,75,75,80,80,61],"items_purged":["Strike_R","Strike_R","Defend_R"],"gold":24,"score":673,"play_id":"c048f124-5054-43d7-a337-2e51f4af0dcc","local_time":"20180415180916","is_prod":false,"is_daily":false,"chose_seed":false,"is_ascension_mode":false,"campfire_upgraded":10,"timestamp":1523808556,"path_taken":["M","?","M","M","$","R","M","R","T","M","R","M","E","?","R","BOSS","M","$","M","?","?","R","?","?","T","E","M","R","E","M","R","BOSS","M","?","M","M","M","R","M","E","T","M","$","R","$","M","R","BOSS"],"build_version":"2018-04-12","seed_source_timestamp":43159179039796,"purchased_purges":3,"victory":true,"master_deck":["Defend_R","Defend_R","Defend_R","Twin Strike","Metallicize+1","Reckless Charge+1","Pommel Strike","Shrug It Off+1","Reckless Charge+1","Battle Trance","Limit Break","Offering+1","Twin Strike+1","Uppercut+1","Warcry+1","Metallicize+1","True Grit+1","Armaments","True Grit+1","Demon Form+1","Seeing Red+1","Dark Embrace+1","Reckless Charge+1","Sword Boomerang+1","Exhume","Havoc+1","Disarm+1","Pummel"],"max_hp_per_floor":[80,80,80,80,80,80,80,80,80,80,80,80,80,80,80,80,80,80,80,80,80,80,80,80,80,80,80,80,80,80,80,80,80,80,80,80,80,80,80,80,80,80,80,80,80,80,80,80,80,80],"relics":["Burning Blood","Pantograph","Bird Faced Urn","Astrolabe","Bag of Preparation","Regal Pillow","Toolbox","Pen Nib","Philosopher\u0027s Stone","Blood Vial","Shuriken","Ornamental Fan"],"card_choices":[{"not_picked":["Cleave","Clash"],"picked":"Twin Strike","floor":1.0},{"not_picked":["Clash","Flex"],"picked":"Metallicize","floor":2.0},{"not_picked":["Burning Pact","Carnage"],"picked":"Fiend Fire","floor":3.0},{"not_picked":["Body Slam","Iron Wave"],"picked":"Reckless Charge","floor":4.0},{"not_picked":["Blood for Blood","Perfected Strike"],"picked":"Pommel Strike","floor":7.0},{"not_picked":["Clothesline","True Grit"],"picked":"Shrug It Off","floor":10.0},{"not_picked":["Pommel Strike","Armaments"],"picked":"Reckless Charge","floor":12.0},{"not_picked":["Limit Break","Rupture"],"picked":"Battle Trance","floor":13.0},{"not_picked":["Reaper","Juggernaut"],"picked":"Limit Break","floor":16.0},{"not_picked":["Carnage","Clash"],"picked":"Warcry","floor":18.0},{"not_picked":["Perfected Strike","Corruption"],"picked":"True Grit","floor":20.0},{"not_picked":["Dropkick","Havoc"],"picked":"True Grit","floor":28},{"not_picked":["Whirlwind","Sentinel"],"picked":"Demon Form","floor":30},{"not_picked":["Perfected Strike","Anger"],"picked":"Seeing Red","floor":31},{"not_picked":["Double Tap","Demon Form"],"picked":"Dark Embrace","floor":33},{"not_picked":["Sever Soul","Iron Wave"],"picked":"Reckless Charge","floor":35},{"not_picked":["Perfected Strike","Flex"],"picked":"Sword Boomerang","floor":38},{"not_picked":["Thunderclap","Flex"],"picked":"Exhume","floor":41},{"not_picked":["Clothesline","Pommel Strike"],"picked":"Havoc","floor":44}],"player_experience":1741876,"potions_floor_usage":[28,30,30,39,50,50,50],"damage_taken":[{"damage":6.0,"enemies":"Cultist","floor":1.0,"turns":3.0},{"damage":2.0,"enemies":"2 Louse","floor":2.0,"turns":3.0},{"damage":1.0,"enemies":"Jaw Worm","floor":3.0,"turns":4.0},{"damage":17.0,"enemies":"Gremlin Gang","floor":4.0,"turns":8.0},{"damage":2.0,"enemies":"Blue Slaver","floor":7.0,"turns":2.0},{"damage":8.0,"enemies":"Red Slaver","floor":10.0,"turns":4.0},{"damage":1.0,"enemies":"2 Fungi Beasts","floor":12.0,"turns":3.0},{"damage":13.0,"enemies":"3 Sentries","floor":13.0,"turns":7.0},{"damage":58.0,"enemies":"Hexaghost","floor":16.0,"turns":10.0},{"damage":4.0,"enemies":"Chosen","floor":18.0,"turns":2.0},{"damage":4.0,"enemies":"Spheric Guardian","floor":20.0,"turns":1.0},{"damage":7.0,"enemies":"Snake Plant","floor":21.0,"turns":3.0},{"damage":17.0,"enemies":"Slavers","floor":27.0,"turns":8.0},{"damage":4,"enemies":"Snecko","floor":28,"turns":4},{"damage":18,"enemies":"Gremlin Leader","floor":30,"turns":10},{"damage":8,"enemies":"Centurion and Healer","floor":31,"turns":6},{"damage":49,"enemies":"Champ","floor":33,"turns":8},{"damage":4,"enemies":"Orb Walker","floor":35,"turns":2},{"damage":8,"enemies":"3 Darklings","floor":37,"turns":5},{"damage":12,"enemies":"Maw","floor":38,"turns":6},{"damage":23,"enemies":"4 Shapes","floor":39,"turns":5},{"damage":13,"enemies":"3 Darklings","floor":41,"turns":3},{"damage":21,"enemies":"Giant Head","floor":42,"turns":6},{"damage":4,"enemies":"Maw","floor":44,"turns":5},{"damage":8,"enemies":"4 Shapes","floor":48,"turns":4},{"damage":43,"enemies":"Time Eater","floor":50,"turns":6}],"event_choices":[{"event_name":"Golden Shrine","player_choice":"Pray","floor":14.0,"damage_taken":0.0},{"event_name":"Wheel of Change","player_choice":"Full Heal","floor":22.0,"damage_taken":0.0},{"event_name":"Transmorgrifier","player_choice":"Transform","floor":24.0,"damage_taken":0.0},{"event_name":"Drug Dealer","player_choice":"Ignored","floor":25.0,"damage_taken":0.0}],"boss_relics":[{"not_picked":["Velvet Choker","Snecko Eye"],"picked":"Philosopher\u0027s Stone"}],"potions_floor_spawned":[2,3,7,13,16,18,21,31,35,38,41,44,48],"seed_played":"6565966989252587477","ascension_level":0,"is_trial":false}