{"path_per_floor":["M","M","?","?","M","R","E","R","T","R","M","E","?","M","R","B",null,"M","?","$","M","?","R","$","E","T","R","M","?","R","M","R","B",null,"M","$","M","?","M","R","E","R","T","M","M","?","M","$","R","B"],"character_chosen":"IRONCLAD","items_purchased":["Bag of Preparation","Offering","Strength Potion","Swift Potion"],"gold_per_floor":[113,125,225,225,245,245,270,270,270,270,288,319,319,331,331,429,429,441,441,210,220,220,220,120,155,155,155,172,172,172,182,182,286,286,304,108,125,125,137,137,163,163,244,259,271,271,283,36,36,36],"floor_reached":51,"campfire_rested":0,"playtime":1833,"current_hp_per_floor":[80,80,80,80,80,80,60,60,60,60,66,63,63,69,69,30,87,87,87,87,87,87,87,87,87,93,93,93,93,93,93,93,41,93,93,93,91,91,89,89,93,93,99,99,99,99,99,99,99,97],"items_purged":["Strike_R","Strike_R","Injury","Doubt"],"gold":36,"score":855,"play_id":"050c5fac-dca5-4e1d-ac2c-0a4b09c62b50","local_time":"20180409215325","is_prod":false,"is_daily":false,"is_ascension_mode":false,"campfire_upgraded":11,"timestamp":1523303605,"path_taken":["M","M","?","?","M","R","E","R","T","R","?","E","?","M","R","BOSS","M","?","$","M","?","R","$","E","T","R","M","?","R","M","R","BOSS","M","$","M","?","M","R","E","R","T","M","?","?","M","$","R","BOSS"],"build_version":"2018-04-05v2","purchased_purges":4,"victory":true,"master_deck":["Strike_R+1","Strike_R+1","Strike_R+1","Defend_R+1","Defend_R+1","Defend_R+1","Defend_R+1","Shrug It Off+1","Flame Barrier+1","Body Slam+1","Juggernaut+1","Battle Trance+1","Offering+1","Feel No Pain+1","Shrug It Off+1","Body Slam+1","Offering+1","Offering","Body Slam+1","Shockwave+1","True Grit+1"],"max_hp_per_floor":[80,80,80,80,80,80,87,87,87,87,87,87,87,87,87,87,87,87,87,87,87,87,87,87,87,93,93,93,93,93,93,93,93,93,93,93,93,93,93,93,93,93,99,99,99,99,99,99,99,99],"relics":["Burning Blood","Strawberry","Gambling Chip","Bird Faced Urn","Cursed Key","Bag of Preparation","Darkstone Periapt","Question Card","Philosopher\u0027s Stone","Du-Vu Doll","Pantograph"],"card_choices":[{"not_picked":["Headbutt","Anger"],"picked":"Clothesline","floor":0},{"not_picked":["Twin Strike","Body Slam"],"picked":"Shrug It Off","floor":1},{"not_picked":["Inflame","Whirlwind"],"picked":"Flame Barrier","floor":2},{"not_picked":["Blood for Blood","Reckless Charge"],"picked":"Body Slam","floor":5},{"not_picked":["Thunderclap","Wild Strike"],"picked":"Juggernaut","floor":7},{"not_picked":["Blood for Blood","Clothesline"],"picked":"Battle Trance","floor":14},{"not_picked":["Impervious","Reaper"],"picked":"Offering","floor":16},{"not_picked":["Wild Strike","Anger"],"picked":"Feel No Pain","floor":18},{"not_picked":["Carnage","Rage"],"picked":"Shrug It Off","floor":21},{"not_picked":["Sentinel","Impervious"],"picked":"Body Slam","floor":25},{"not_picked":["Dark Embrace","Juggernaut","Demon Form"],"picked":"Offering","floor":33},{"not_picked":["Warcry","Cleave","Corruption"],"picked":"Body Slam","floor":37},{"not_picked":["Twin Strike","Bludgeon","Flex"],"picked":"Shockwave","floor":45},{"not_picked":["Blood for Blood","Thunderclap","Headbutt"],"picked":"True Grit","floor":47}],"player_experience":1705998,"potions_floor_usage":[41,41,50,50],"damage_taken":[{"damage":0,"enemies":"2 Louse","floor":1,"turns":2},{"damage":0,"enemies":"Cultist","floor":2,"turns":3},{"damage":0,"enemies":"Small Slimes","floor":5,"turns":3},{"damage":33,"enemies":"Lagavulin","floor":7,"turns":9},{"damage":0,"enemies":"Red Slaver","floor":11,"turns":5},{"damage":9,"enemies":"3 Sentries","floor":12,"turns":7},{"damage":0,"enemies":"Looter","floor":14,"turns":3},{"damage":47,"enemies":"Hexaghost","floor":16,"turns":11},{"damage":4,"enemies":"2 Thieves","floor":18,"turns":3},{"damage":4,"enemies":"Shell Parasite","floor":21,"turns":3},{"damage":4,"enemies":"Book of Stabbing","floor":25,"turns":5},{"damage":4,"enemies":"Centurion and Healer","floor":28,"turns":3},{"damage":4,"enemies":"Cultist and Chosen","floor":31,"turns":2},{"damage":60,"enemies":"Collector","floor":33,"turns":11},{"damage":8,"enemies":"3 Shapes","floor":35,"turns":2},{"damage":12,"enemies":"3 Darklings","floor":37,"turns":1},{"damage":12,"enemies":"Maw","floor":39,"turns":3},{"damage":4,"enemies":"2 Orb Walkers","floor":41,"turns":2},{"damage":8,"enemies":"4 Shapes","floor":44,"turns":2},{"damage":8,"enemies":"3 Darklings","floor":45,"turns":2},{"damage":8,"enemies":"Sphere and 2 Shapes","floor":47,"turns":2},{"damage":12,"enemies":"Awakened One","floor":50,"turns":3}],"event_choices":[{"event_name":"Wheel of Change","player_choice":"Gold","floor":3,"damage_taken":0},{"event_name":"Bonfire Elementals","player_choice":"BASIC","floor":4,"damage_taken":0},{"event_name":"The Lab","player_choice":"Got Potions","floor":13,"damage_taken":0},{"event_name":"Back to Basics","player_choice":"Simplicity","floor":19,"damage_taken":0},{"event_name":"Drug Dealer","player_choice":"Ignored","floor":22,"damage_taken":0},{"event_name":"The Mausoleum","player_choice":"No","floor":29,"damage_taken":0},{"event_name":"Tomb of Lord Red Mask","player_choice":"Ignored","floor":38,"damage_taken":0}],"boss_relics":[{"not_picked":["Snecko Eye","Astrolabe"],"picked":"Cursed Key"},{"not_picked":["Runic Pyramid","Tiny House"],"picked":"Philosopher\u0027s Stone"}],"potions_floor_spawned":[12,14,18,21,35,37,41,44],"seed_played":"2387975922977350370","ascension_level":0,"is_trial":false}