{"path_per_floor":["M","M","?","?","M","R","?","R","T","$","E","M","T","E","R","B",null,"M","$","?","?","M"],"character_chosen":"IRONCLAD","items_purchased":["Toolbox","Ancient Tea Set"],"gold_per_floor":[112,124,74,249,262,262,326,326,326,66,97,112,137,167,167,263,263,278,126,126,126,137],"floor_reached":23,"campfire_rested":2,"playtime":1173,"current_hp_per_floor":[77,77,77,77,77,77,52,76,76,76,42,49,49,31,55,36,80,74,74,58,58,56],"items_purged":[],"gold":137,"play_id":"cf46f02f-956a-402f-bd06-14c084020f8b","is_prod":false,"is_daily":false,"campfire_rituals":0,"campfire_upgraded":1,"is_hardmode":false,"path_taken":["M","M","?","?","?","R","?","R","T","$","E","M","?","E","R","BOSS","M","$","?","?","M","E"],"build_version":"2017-12-21-PROD1","purchased_purges":0,"victory":false,"master_deck":["Strike_R","Strike_R","Strike_R","Strike_R","Strike_R","Defend_R","Defend_R","Defend_R","Bash","Anger","Spot Weakness","Doubt","Flex","Spot Weakness","Whirlwind","Anger","Limit Break","Headbutt","Flex"],"max_hp_per_floor":[80,80,80,80,80,80,80,80,80,80,80,80,80,80,80,80,80,80,80,80,80,83],"relics":["Burning Blood","Kunai","Calipers","Toolbox","Shuriken","Lantern","Prayer Wheel","Black Star","Nilry\u0027s Codex","Nloth\u0027s Gift"],"campfire_meditates":0,"card_choices":[{"not_picked":["Warcry","Sentinel"],"picked":"Anger"},{"not_picked":["Bludgeon","Searing Blow"],"picked":"Spot Weakness"},{"not_picked":["Dual Wield","True Grit"],"picked":"Flex"},{"not_picked":["Uppercut","Headbutt"],"picked":"Spot Weakness"},{"not_picked":["Clash","Anger"],"picked":"Whirlwind"},{"not_picked":["Iron Wave","Pummel"],"picked":"Anger"},{"not_picked":["Exhume","Demon Form"],"picked":"Limit Break"},{"not_picked":["Pummel","Wild Strike"],"picked":"Headbutt"},{"not_picked":["Anger","Clash"],"picked":"Flex"}],"player_experience":40878,"potions_floor_usage":[1,7,11,12,14,16,16,18,22],"damage_taken":[{"damage":9,"enemies":"Blue Slaver","floor":1,"turns":3},{"damage":6,"enemies":"Jaw Worm","floor":2,"turns":5},{"damage":6,"enemies":"Cultist","floor":5,"turns":3},{"damage":31,"enemies":"Lagavulin Event","floor":7,"turns":5},{"damage":40,"enemies":"3 Sentries","floor":11,"turns":5},{"damage":8,"enemies":"2 Fungi Beasts","floor":12,"turns":4},{"damage":24,"enemies":"Lagavulin","floor":14,"turns":4},{"damage":25,"enemies":"Slime Boss","floor":16,"turns":4},{"damage":12,"enemies":"Chosen","floor":18,"turns":4},{"damage":11,"enemies":"3 Byrds","floor":22,"turns":4},{"damage":60,"enemies":"Book of Stabbing","floor":23,"turns":4}],"event_choices":[{"event_name":"The Cleric","player_choice":"Card Removal","floor":3,"damage_taken":0},{"event_name":"Liars Game","player_choice":"agreed","floor":4,"damage_taken":0},{"event_name":"Dead Adventurer","player_choice":"Searched \u00272\u0027 times","floor":7,"damage_taken":0},{"event_name":"Cursed Tome","player_choice":"Obtained Book","floor":20,"damage_taken":0},{"event_name":"N\u0027loth","player_choice":"Traded a Ancient Tea Set","floor":21,"damage_taken":0}],"boss_relics":[{"not_picked":["Runic Dome","Velvet Choker"],"picked":"Black Star"}],"potions_floor_spawned":[5,7,11,12,14,18],"seed_played":"3532041799644993149","killed_by":"Book of Stabbing","is_trial":false}