{"path_per_floor":["M","?","?","?","M","$","R","M","T","M","M","M","$","M","R","B",null,"M","?","?","M"],"character_chosen":"IRONCLAD","items_purchased":["Reaper","Whirlwind"],"gold_per_floor":[112,112,187,187,199,51,51,68,68,85,97,109,70,90,90,186,216,232,147,147,166],"floor_reached":22,"campfire_rested":0,"playtime":1156,"current_hp_per_floor":[80,80,69,69,70,70,70,79,79,80,80,77,77,80,80,46,85,64,64,40,24],"items_purged":["Defend_R"],"gold":166,"play_id":"12970f7c-04c2-4dab-8bad-d0721b4dc0c0","is_prod":false,"is_daily":false,"campfire_rituals":0,"campfire_upgraded":2,"is_hardmode":false,"path_taken":["M","?","?","?","M","?","R","M","T","M","M","M","$","M","R","BOSS","M","?","?","M","M"],"build_version":"2018-01-18-PROD4","purchased_purges":1,"victory":false,"master_deck":["Strike_R","Strike_R","Strike_R","Strike_R","Strike_R","Defend_R","Defend_R","Defend_R","Bash","Armaments","Dropkick","Reaper","Pommel Strike","Iron Wave","Thunderclap","Whirlwind","Heavy Blade","Feed","Seeing Red","Finesse","Madness","Headbutt"],"max_hp_per_floor":[80,80,80,80,80,80,80,80,80,80,80,80,80,80,80,80,85,85,85,85,85],"relics":["Burning Blood","Meat on the Bone","Tiny House","Omamori"],"campfire_meditates":0,"card_choices":[{"not_picked":["Shrug It Off","Anger"],"picked":"Armaments"},{"not_picked":["Anger","Ghostly Armor"],"picked":"Dropkick"},{"not_picked":["Warcry","Fire Breathing"],"picked":"Pommel Strike"},{"not_picked":["Bludgeon","Hemokinesis"],"picked":"Iron Wave"},{"not_picked":["Hemokinesis","Sword Boomerang"],"picked":"Thunderclap"},{"not_picked":["Clothesline","Shrug It Off"],"picked":"Heavy Blade"},{"not_picked":["Exhume","Offering"],"picked":"Feed"},{"not_picked":["Shrug It Off","Burning Pact"],"picked":"Seeing Red"},{"not_picked":["Body Slam","Armaments"],"picked":"Headbutt"}],"player_experience":134957,"potions_floor_usage":[14,16,18,21,21,22],"damage_taken":[{"damage":5,"enemies":"Cultist","floor":1,"turns":4},{"damage":5,"enemies":"Small Slimes","floor":5,"turns":4},{"damage":5,"enemies":"2 Louse","floor":8,"turns":3},{"damage":5,"enemies":"Looter","floor":10,"turns":3},{"damage":4,"enemies":"Gremlin Gang","floor":11,"turns":5},{"damage":9,"enemies":"2 Fungi Beasts","floor":12,"turns":4},{"damage":0,"enemies":"Looter","floor":14,"turns":3},{"damage":64,"enemies":"Slime Boss","floor":16,"turns":9},{"damage":27,"enemies":"Chosen","floor":18,"turns":4},{"damage":55,"enemies":"Shell Parasite","floor":21,"turns":8},{"damage":6,"enemies":"3 Cultists","floor":22,"turns":4}],"event_choices":[{"event_name":"Shining Light","player_choice":"Ignored","floor":2,"damage_taken":0},{"event_name":"World of Goop","player_choice":"Gather Gold","floor":3,"damage_taken":0},{"event_name":"Liars Game","player_choice":"disagreed","floor":4,"damage_taken":0},{"event_name":"Addict","player_choice":"Obtained Relic","floor":19,"damage_taken":0},{"event_name":"Knowing Skull","player_choice":"CARD CARD ","floor":20,"damage_taken":0}],"boss_relics":[{"not_picked":["Runic Pyramid","Mark of Pain"],"picked":"Tiny House"}],"potions_floor_spawned":[8,10,11,14,16,18,21],"seed_played":"-7076907354657994868","killed_by":"3 Cultists","is_trial":false}