{"path_per_floor":["M","?","M","M","M","E","?","R","T","R","M","R","E","$","R","B",null,"M","?","$","M","M","E","$","R","T","M","M","M"],"character_chosen":"IRONCLAD","items_purchased":["Apotheosis","Inflame","Pummel"],"gold_per_floor":[116,116,128,143,158,191,191,191,191,191,208,208,237,49,49,154,154,169,169,23,43,56,82,47,47,74,91,110,127],"floor_reached":30,"campfire_rested":2,"playtime":1447,"current_hp_per_floor":[80,80,70,65,65,51,51,51,51,75,73,73,76,76,76,69,80,80,80,80,61,51,34,34,66,66,44,35,40],"items_purged":["Defend_R"],"gold":127,"play_id":"ce49fcdb-dca2-4e8c-b0c4-02928b7f9bae","is_prod":false,"is_daily":false,"campfire_rituals":0,"campfire_upgraded":3,"is_hardmode":false,"path_taken":["M","?","M","?","M","E","?","R","T","R","M","R","E","?","R","BOSS","M","?","$","?","M","E","$","R","T","M","M","M","E"],"build_version":"2018-01-18-PROD4","purchased_purges":1,"victory":false,"master_deck":["Strike_R","Strike_R","Strike_R","Strike_R","Strike_R","Defend_R","Defend_R","Defend_R","Bash","Flex","Flex","Heavy Blade","Whirlwind","Limit Break","Headbutt","Apotheosis","Double Tap","Whirlwind","Flex","Inflame","Flex","Pummel","Pummel","Seeing Red"],"max_hp_per_floor":[80,80,80,80,80,80,80,80,80,80,80,80,80,80,80,80,80,80,80,80,80,80,80,80,80,80,80,80,80],"relics":["Burning Blood","Paper Frog","Thread and Needle","Happy Flower","Eternal Feather","Oddly Smooth Stone","Regal Pillow"],"campfire_meditates":0,"card_choices":[{"not_picked":["Evolve","Pommel Strike"],"picked":"Flex"},{"not_picked":["Clothesline","Warcry"],"picked":"Flex"},{"not_picked":["Dark Embrace","Armaments"],"picked":"Heavy Blade"},{"not_picked":["Corruption","Anger"],"picked":"Whirlwind"},{"not_picked":["Flex","Feel No Pain"],"picked":"Limit Break"},{"not_picked":["Armaments","Wild Strike"],"picked":"Headbutt"},{"not_picked":["Reaper","Barricade"],"picked":"Double Tap"},{"not_picked":["Uppercut","Battle Trance"],"picked":"Whirlwind"},{"not_picked":["Armaments","Clothesline"],"picked":"Flex"},{"not_picked":["Thunderclap","Headbutt"],"picked":"Pummel"},{"not_picked":["Thunderclap","Armaments"],"picked":"Seeing Red"}],"player_experience":133510,"potions_floor_usage":[6,13,13,23,27,28,29],"damage_taken":[{"damage":5,"enemies":"2 Louse","floor":1,"turns":3},{"damage":16,"enemies":"Blue Slaver","floor":3,"turns":4},{"damage":11,"enemies":"Jaw Worm","floor":4,"turns":3},{"damage":6,"enemies":"Gremlin Gang","floor":5,"turns":6},{"damage":20,"enemies":"3 Sentries","floor":6,"turns":4},{"damage":8,"enemies":"3 Louse","floor":11,"turns":3},{"damage":3,"enemies":"Lagavulin","floor":13,"turns":6},{"damage":13,"enemies":"Slime Boss","floor":16,"turns":8},{"damage":1,"enemies":"3 Byrds","floor":18,"turns":4},{"damage":25,"enemies":"Chosen","floor":21,"turns":6},{"damage":16,"enemies":"Snake Plant","floor":22,"turns":2},{"damage":23,"enemies":"Gremlin Leader","floor":23,"turns":5},{"damage":28,"enemies":"Centurion and Healer","floor":27,"turns":4},{"damage":15,"enemies":"3 Cultists","floor":28,"turns":4},{"damage":1,"enemies":"Snecko","floor":29,"turns":3},{"damage":40,"enemies":"Slavers","floor":30,"turns":2}],"event_choices":[{"event_name":"The Woman in Blue","player_choice":"Bought 0 Potions","floor":2,"damage_taken":0},{"event_name":"Shining Light","player_choice":"Ignored","floor":7,"damage_taken":0},{"event_name":"The Library","player_choice":"Read","floor":19,"damage_taken":0}],"boss_relics":[{"not_picked":["Mark of Pain","Runic Cube"],"picked":"Eternal Feather"}],"potions_floor_spawned":[4,6,11,21,23,27,28],"seed_played":"-8687704372090352935","killed_by":"Slavers","is_trial":false}