{"path_per_floor":["M","$","?","M","M","E","R","$","T","E","M","T","?","M","R","B",null,"M","M","?","M","M","R","$","E","T","R","M","M","M","M","R","B",null,"M","?","M","M","M","R","M","?","T","R","M","M","M","M","R"],"character_chosen":"IRONCLAD","items_purchased":["Inflame","Singing Bowl","Inflame"],"gold_per_floor":[111,36,36,49,67,103,103,65,65,106,126,126,192,213,213,343,343,362,386,386,401,421,421,100,155,155,155,165,184,204,218,218,319,319,335,335,355,371,385,385,397,0,0,0,14,29,42,52,52],"floor_reached":50,"campfire_rested":1,"playtime":2658,"current_hp_per_floor":[80,80,60,58,64,56,56,56,56,38,43,43,43,58,58,57,80,80,73,73,74,79,79,79,74,74,74,64,84,86,74,74,62,88,80,80,81,59,51,78,84,84,84,84,83,73,62,54,54],"items_purged":["Defend_R","Defend_R"],"gold":52,"play_id":"86df0ced-8853-4ec1-a368-74d24c8a6cb3","is_prod":false,"is_daily":false,"campfire_rituals":0,"campfire_upgraded":4,"is_hardmode":false,"path_taken":["M","$","?","M","M","E","R","?","T","E","?","?","?","M","R","BOSS","M","M","?","M","M","R","$","E","T","R","M","M","M","M","R","BOSS","M","?","?","M","M","R","M","?","T","R","M","?","M","M","R","BOSS"],"build_version":"2018-01-18-PROD4","purchased_purges":2,"victory":false,"master_deck":["Bash","Bludgeon","Twin Strike","Rampage","Inflame","Flex","Cleave","Reaper","Heavy Blade","Armaments","Heavy Blade","Inflame","Inflame","Limit Break","Reckless Charge","Pummel","Spot Weakness","Seeing Red","Sentinel","Cleave","Heavy Blade","Pummel","Flex","Pommel Strike","Sword Boomerang"],"max_hp_per_floor":[80,80,80,80,80,80,80,80,80,80,80,80,80,80,80,80,80,80,80,80,80,80,80,80,82,82,82,84,84,86,88,88,88,88,88,88,88,88,90,90,92,92,92,92,94,94,96,96,96],"relics":["Burning Blood","Bloody Idol","War Paint","Girya","Vajra","Letter Opener","Pantograph","Velvet Choker","Singing Bowl","Tiny Chest","The Courier","Pandora\u0027s Box","Red Mask","Blood Vial"],"campfire_meditates":0,"card_choices":[{"not_picked":["Iron Wave","Anger"],"picked":"Twin Strike"},{"not_picked":["Reckless Charge","Warcry"],"picked":"Rampage"},{"not_picked":["Second Wind","Wild Strike"],"picked":"Flex"},{"not_picked":["Intimidate","Body Slam"],"picked":"Cleave"},{"not_picked":["Juggernaut","Impervious"],"picked":"Reaper"},{"not_picked":["Sword Boomerang","Wild Strike"],"picked":"Heavy Blade"},{"not_picked":["Corruption","Anger"],"picked":"Armaments"},{"not_picked":["Burning Pact","Clash"],"picked":"Heavy Blade"},{"not_picked":["Dropkick","Juggernaut"],"picked":"Inflame"},{"not_picked":["Exhume","Demon Form"],"picked":"Limit Break"},{"not_picked":["Flex","Entrench"],"picked":"Heavy Blade"},{"not_picked":["Entrench","Shrug It Off"],"picked":"Pummel"},{"not_picked":["Sentinel","Havoc"],"picked":"Flex"},{"not_picked":["Warcry","Havoc"],"picked":"Pommel Strike"},{"not_picked":["Battle Trance","Pommel Strike"],"picked":"Sword Boomerang"}],"player_experience":136113,"potions_floor_usage":[10,11,14,16,16,18,22,29,31,37,41,50,50,50],"damage_taken":[{"damage":5,"enemies":"2 Louse","floor":1,"turns":3},{"damage":8,"enemies":"Jaw Worm","floor":4,"turns":3},{"damage":0,"enemies":"Cultist","floor":5,"turns":2},{"damage":14,"enemies":"Gremlin Nob","floor":6,"turns":3},{"damage":24,"enemies":"3 Sentries","floor":10,"turns":4},{"damage":1,"enemies":"Exordium Thugs","floor":11,"turns":3},{"damage":6,"enemies":"Gremlin Nob","floor":13,"turns":3},{"damage":0,"enemies":"Large Slime","floor":14,"turns":4},{"damage":29,"enemies":"Slime Boss","floor":16,"turns":8},{"damage":2,"enemies":"Shell Parasite","floor":18,"turns":3},{"damage":25,"enemies":"2 Thieves","floor":19,"turns":4},{"damage":16,"enemies":"Chosen and Byrds","floor":21,"turns":6},{"damage":12,"enemies":"3 Cultists","floor":22,"turns":4},{"damage":23,"enemies":"Gremlin Leader","floor":25,"turns":4},{"damage":23,"enemies":"Centurion and Healer","floor":28,"turns":4},{"damage":5,"enemies":"Chosen and Byrds","floor":29,"turns":3},{"damage":0,"enemies":"Snake Plant","floor":30,"turns":2},{"damage":25,"enemies":"Centurion and Healer","floor":31,"turns":4},{"damage":37,"enemies":"Collector","floor":33,"turns":8},{"damage":19,"enemies":"3 Darklings","floor":35,"turns":3},{"damage":10,"enemies":"3 Shapes","floor":37,"turns":3},{"damage":33,"enemies":"Maw","floor":38,"turns":5},{"damage":53,"enemies":"4 Shapes","floor":39,"turns":3},{"damage":30,"enemies":"3 Darklings","floor":41,"turns":3},{"damage":16,"enemies":"Sphere and 2 Shapes","floor":45,"turns":3},{"damage":23,"enemies":"4 Shapes","floor":46,"turns":4},{"damage":26,"enemies":"Maw","floor":47,"turns":5},{"damage":39,"enemies":"Sphere and 2 Shapes","floor":48,"turns":4},{"damage":89,"enemies":"Donu and Deca","floor":50,"turns":4}],"event_choices":[{"event_name":"Golden Idol","player_choice":"Take Damage","floor":3,"damage_taken":0},{"event_name":"Dead Adventurer","player_choice":"Searched \u00273\u0027 times","floor":13,"damage_taken":0},{"event_name":"Forgotten Altar","player_choice":"Gave Idol","floor":20,"damage_taken":0},{"event_name":"Tomb of Lord Red Mask","player_choice":"Paid","floor":42,"damage_taken":0}],"boss_relics":[{"not_picked":["Runic Dome","Ectoplasm"],"picked":"Velvet Choker"},{"not_picked":["Orrery","Snecko Eye"],"picked":"Pandora\u0027s Box"}],"potions_floor_spawned":[5,10,11,13,14,16,21,25,29,33,35,37,45,46,47],"seed_played":"5530368810525879468","killed_by":"Donu and Deca","is_trial":false}