{"path_per_floor":["M","?","M","$","M","E","M","?","T","E","R","M","M","M","R","B",null,"M","?","?","$","?","R","?","M","T","E","$","T","E","M","R","B",null,"M","M","M","M","M","R","E","?","T","M","R","?","M","M","R","B"],"character_chosen":"IRONCLAD","items_purchased":["Happy Flower","Iron Wave","Inflame","Whirlwind"],"gold_per_floor":[119,219,239,48,65,99,116,116,143,176,176,190,206,225,225,329,329,329,229,229,125,125,125,125,125,125,125,50,50,50,50,50,50,50,50,50,50,50,50,50,50,50,50,50,50,50,50,50,50,50],"floor_reached":51,"campfire_rested":3,"playtime":2954,"current_hp_per_floor":[77,77,84,84,84,45,37,37,37,26,51,57,53,73,73,38,86,83,83,83,83,64,64,64,67,67,63,63,63,69,64,64,74,76,64,65,79,61,81,81,52,49,49,12,37,37,47,44,71,71],"items_purged":["Defend_R"],"gold":50,"play_id":"3fc7af2e-6d75-4f51-8928-5ca6f9fb91e1","is_prod":false,"is_daily":false,"campfire_rituals":0,"campfire_upgraded":4,"is_hardmode":false,"path_taken":["M","?","M","$","M","E","?","?","T","E","R","M","M","M","R","BOSS","M","?","?","$","?","R","?","M","T","E","?","?","E","M","R","BOSS","M","M","M","M","M","R","E","?","T","M","R","?","M","M","R","BOSS"],"build_version":"2018-01-18-PROD3","purchased_purges":1,"victory":true,"master_deck":["Defend_R","Defend_R","Bash","Iron Wave","Iron Wave","Clash","Inflame","Infernal Blade","Blood for Blood","Reaper","Armaments","Feed","J.A.X.","Inflame","Whirlwind","Bite_R","Bite_R","Bite_R","Bite_R","Bite_R","Inflame","Seeing Red","Flex","Armaments","Heavy Blade","Spot Weakness","Pummel","Infernal Blade","Inflame"],"max_hp_per_floor":[82,82,84,84,84,84,84,84,84,84,84,84,84,86,86,86,86,92,92,92,92,64,64,64,67,67,69,69,69,69,74,74,76,76,79,79,79,79,81,81,83,83,83,85,85,85,89,91,91,91],"relics":["Burning Blood","Singing Bowl","Happy Flower","Gremlin Horn","Bronze Scales","Dream Catcher","Ectoplasm","Mummified Hand","Blue Candle","Champion Belt","Pantograph","Sozu","Toxic Egg","Dead Branch","Anchor"],"campfire_meditates":0,"card_choices":[{"not_picked":["True Grit","Sword Boomerang"],"picked":"Iron Wave"},{"not_picked":["Havoc","Heavy Blade"],"picked":"Clash"},{"not_picked":["Sever Soul","Anger"],"picked":"Inflame"},{"not_picked":["True Grit","Anger"],"picked":"Infernal Blade"},{"not_picked":["Clash","Warcry"],"picked":"Blood for Blood"},{"not_picked":["Havoc","Wild Strike"],"picked":"Reaper"},{"not_picked":["Entrench","Perfected Strike"],"picked":"Armaments"},{"not_picked":["Barricade","Impervious"],"picked":"Feed"},{"not_picked":["Pommel Strike","True Grit"],"picked":"Inflame"},{"not_picked":["Iron Wave","Burning Pact"],"picked":"Seeing Red"},{"not_picked":["True Grit","Disarm"],"picked":"Flex"},{"not_picked":["True Grit","Clash"],"picked":"Armaments"},{"not_picked":["Body Slam","Cleave"],"picked":"Heavy Blade"},{"not_picked":["Shockwave","Anger"],"picked":"Spot Weakness"},{"not_picked":["Twin Strike","Perfected Strike"],"picked":"Pummel"},{"not_picked":["Warcry","Rampage"],"picked":"Infernal Blade"},{"not_picked":["Twin Strike","Clothesline"],"picked":"Inflame"}],"player_experience":129198,"potions_floor_usage":[16,25,30],"damage_taken":[{"damage":11,"enemies":"Blue Slaver","floor":1,"turns":6},{"damage":1,"enemies":"Cultist","floor":3,"turns":4},{"damage":3,"enemies":"Jaw Worm","floor":5,"turns":3},{"damage":45,"enemies":"Lagavulin","floor":6,"turns":7},{"damage":14,"enemies":"Red Slaver","floor":7,"turns":4},{"damage":17,"enemies":"3 Sentries","floor":10,"turns":7},{"damage":0,"enemies":"Exordium Wildlife","floor":12,"turns":2},{"damage":10,"enemies":"Exordium Thugs","floor":13,"turns":3},{"damage":0,"enemies":"3 Louse","floor":14,"turns":3},{"damage":41,"enemies":"Hexaghost","floor":16,"turns":7},{"damage":15,"enemies":"3 Byrds","floor":18,"turns":3},{"damage":3,"enemies":"Chosen","floor":25,"turns":3},{"damage":34,"enemies":"Gremlin Leader","floor":27,"turns":4},{"damage":20,"enemies":"Book of Stabbing","floor":30,"turns":4},{"damage":36,"enemies":"Centurion and Healer","floor":31,"turns":4},{"damage":22,"enemies":"Automaton","floor":33,"turns":6},{"damage":36,"enemies":"3 Shapes","floor":35,"turns":3},{"damage":11,"enemies":"Orb Walker","floor":36,"turns":3},{"damage":28,"enemies":"Maw","floor":37,"turns":6},{"damage":32,"enemies":"4 Shapes","floor":38,"turns":3},{"damage":22,"enemies":"3 Darklings","floor":39,"turns":3},{"damage":58,"enemies":"Giant Head","floor":41,"turns":7},{"damage":29,"enemies":"Mysterious Sphere","floor":42,"turns":5},{"damage":68,"enemies":"Maw","floor":44,"turns":6},{"damage":12,"enemies":"4 Shapes","floor":47,"turns":2},{"damage":21,"enemies":"Sphere and 2 Shapes","floor":48,"turns":3},{"damage":73,"enemies":"Donu and Deca","floor":50,"turns":6}],"event_choices":[{"event_name":"Wheel of Change","player_choice":"Gold","floor":2,"damage_taken":0},{"event_name":"Upgrade Shrine","player_choice":"Upgraded","floor":8,"damage_taken":0},{"event_name":"Drug Dealer","player_choice":"Got JAXXED","floor":19,"damage_taken":0},{"event_name":"The Lab","player_choice":"Got Potions","floor":20,"damage_taken":0},{"event_name":"Vampires","player_choice":"Became a vampire","floor":22,"damage_taken":0},{"event_name":"Back to Basics","player_choice":"Elegance","floor":24,"damage_taken":0},{"event_name":"Mysterious Sphere","player_choice":"Fight","floor":42,"damage_taken":0},{"event_name":"Upgrade Shrine","player_choice":"Upgraded","floor":46,"damage_taken":0}],"boss_relics":[{"not_picked":["Pandora\u0027s Box","Orrery"],"picked":"Ectoplasm"},{"not_picked":["Runic Pyramid","Black Blood"],"picked":"Sozu"}],"potions_floor_spawned":[1,5,7,13,14,16,18,33,37,41,42,48],"seed_played":"-1630752302244324449","is_trial":false}