{"path_per_floor":["M","M","M","M","M","R","?","?","T","M","?","R","$","M","R","B",null,"M","M","M","$","?","R","?","?","T","E","R","M","M","$","R"],"character_chosen":"IRONCLAD","items_purchased":["Blood for Blood","Shrug It Off","Clash","Second Wind"],"gold_per_floor":[115,135,152,170,186,186,186,186,186,210,210,210,10,29,29,155,155,143,158,181,127,127,127,42,42,69,108,108,123,137,0,0],"floor_reached":33,"campfire_rested":3,"playtime":2978,"current_hp_per_floor":[83,86,83,74,86,86,86,63,63,66,47,75,75,81,81,33,100,77,48,16,16,16,46,56,40,40,36,69,98,96,96,96],"items_purged":["Defend_R","Normality"],"gold":0,"play_id":"3dbdd655-c8b7-45fc-be8a-6c57c1b04707","is_prod":false,"is_daily":false,"is_ascension_mode":false,"campfire_upgraded":3,"path_taken":["M","M","M","M","M","R","?","?","T","M","?","R","$","?","R","BOSS","M","M","M","$","?","R","?","?","T","E","R","?","M","?","R","BOSS"],"build_version":"2018-01-25-PROD3","purchased_purges":4,"victory":false,"master_deck":["Strike_R","Strike_R+1","Strike_R","Strike_R","Strike_R","Defend_R","Defend_R","Defend_R","Bash","Feed+1","Uppercut","Whirlwind","Reaper","Twin Strike+1","Headbutt","Infernal Blade","Blood for Blood+1","Shrug It Off","Armaments","Feed","Anger","Infernal Blade+1","Metallicize+1","Clash","Necronomicurse","Rampage+1","Body Slam+1","Flex+1","Second Wind"],"max_hp_per_floor":[83,86,89,89,92,92,92,92,92,96,96,96,96,96,96,100,100,100,100,100,100,100,100,110,110,110,110,110,113,116,116,116],"relics":["Burning Blood","Lantern","Golden Idol","Charon\u0027s Ashes","Black Star","Pear","Necronomicon","Anchor","Self Forming Clay","Toolbox"],"card_choices":[{"not_picked":["Clothesline","Pummel"],"picked":"Uppercut"},{"not_picked":["Thunderclap","Reckless Charge"],"picked":"Whirlwind"},{"not_picked":["Warcry","Feel No Pain"],"picked":"Reaper"},{"not_picked":["Sword Boomerang","Searing Blow"],"picked":"Twin Strike"},{"not_picked":["Reckless Charge","Shockwave"],"picked":"Headbutt"},{"not_picked":["Warcry","Headbutt"],"picked":"Infernal Blade"},{"not_picked":["Flame Barrier","Warcry"],"picked":"Armaments"},{"not_picked":["Impervious","Double Tap"],"picked":"Feed"},{"not_picked":["Flex","Body Slam"],"picked":"Anger"},{"not_picked":["Heavy Blade","Sword Boomerang"],"picked":"Infernal Blade"},{"not_picked":["Whirlwind","Iron Wave"],"picked":"Metallicize"},{"not_picked":["Cleave","Shrug It Off"],"picked":"Rampage"},{"not_picked":["Rupture","Sword Boomerang"],"picked":"Body Slam"},{"not_picked":["Heavy Blade","Warcry"],"picked":"Flex"}],"player_experience":6699,"potions_floor_usage":[16,16,27,27,27],"damage_taken":[{"damage":4,"enemies":"2 Louse","floor":1,"turns":3},{"damage":4,"enemies":"Cultist","floor":2,"turns":4},{"damage":12,"enemies":"Blue Slaver","floor":3,"turns":3},{"damage":19,"enemies":"Looter","floor":4,"turns":4},{"damage":1,"enemies":"Exordium Wildlife","floor":5,"turns":3},{"damage":15,"enemies":"Exordium Thugs","floor":10,"turns":4},{"damage":0,"enemies":"Looter","floor":14,"turns":1},{"damage":64,"enemies":"Slime Boss","floor":16,"turns":11},{"damage":35,"enemies":"2 Thieves","floor":18,"turns":4},{"damage":39,"enemies":"Shell Parasite","floor":19,"turns":5},{"damage":38,"enemies":"Sentry and Sphere","floor":20,"turns":4},{"damage":42,"enemies":"Slavers","floor":27,"turns":6},{"damage":0,"enemies":"Centurion and Healer","floor":29,"turns":5},{"damage":19,"enemies":"3 Cultists","floor":30,"turns":5},{"damage":106,"enemies":"Champ","floor":33,"turns":13}],"event_choices":[{"event_name":"Accursed Blacksmith","player_choice":"Rummage","floor":7,"damage_taken":0},{"event_name":"Golden Idol","player_choice":"Take Damage","floor":8,"damage_taken":0},{"event_name":"Shining Light","player_choice":"Entered Light","floor":11,"damage_taken":0},{"event_name":"Drug Dealer","player_choice":"Ignored","floor":22,"damage_taken":0},{"event_name":"Addict","player_choice":"Obtained Relic","floor":24,"damage_taken":0},{"event_name":"Cursed Tome","player_choice":"Obtained Book","floor":25,"damage_taken":0}],"boss_relics":[{"not_picked":["Runic Dome","White Beast Statue"],"picked":"Black Star"}],"potions_floor_spawned":[3,4,16,19,20,27],"seed_played":"-8428768719609596732","killed_by":"Champ","ascension_level":0,"is_trial":false}