{"path_per_floor":["M","$","?","?","M","R","M","E","T","M","M","R","?","M","R","B",null,"M","M","$","?","M"],"character_chosen":"IRONCLAD","items_purchased":["Sundial","Flex"],"gold_per_floor":[117,42,117,117,132,132,146,175,175,191,207,207,207,219,219,324,324,335,352,20,20,38],"floor_reached":23,"campfire_rested":0,"playtime":1344,"current_hp_per_floor":[80,80,69,69,74,74,74,55,55,58,44,44,44,49,49,22,80,80,77,77,77,52],"items_purged":["Strike_R"],"gold":38,"play_id":"20e78628-e4a7-42eb-b48e-6e677465a384","is_prod":false,"is_daily":false,"is_ascension_mode":true,"campfire_upgraded":2,"path_taken":["M","$","?","?","M","R","M","E","T","M","M","R","?","M","R","BOSS","M","M","$","?","M","E"],"build_version":"2018-02-01-PROD3","purchased_purges":1,"victory":false,"master_deck":["Strike_R","Strike_R+1","Strike_R","Strike_R","Defend_R","Defend_R","Defend_R","Defend_R","Bash+1","Headbutt","Warcry+1","Pommel Strike+1","Spot Weakness","Double Tap","Deep Breath","Offering","Armaments+1","Flex","Injury"],"max_hp_per_floor":[80,80,80,80,80,80,80,80,80,80,80,80,80,80,80,80,80,80,80,80,80,80],"relics":["Burning Blood","Whetstone","Self Forming Clay","Shovel","Kunai","Snecko Eye","Sundial"],"card_choices":[{"not_picked":["Heavy Blade","Whirlwind"],"picked":"Headbutt"},{"not_picked":["Second Wind","Anger"],"picked":"Warcry"},{"not_picked":["Clash","Juggernaut"],"picked":"Pommel Strike"},{"not_picked":["Sword Boomerang","Perfected Strike"],"picked":"Spot Weakness"},{"not_picked":["Juggernaut","Brutality"],"picked":"Offering"},{"not_picked":["True Grit","Power Through"],"picked":"Armaments"}],"player_experience":183385,"potions_floor_usage":[16,16],"damage_taken":[{"damage":3,"enemies":"Jaw Worm","floor":1,"turns":4},{"damage":1,"enemies":"2 Louse","floor":5,"turns":3},{"damage":6,"enemies":"Cultist","floor":7,"turns":3},{"damage":25,"enemies":"Gremlin Nob","floor":8,"turns":4},{"damage":3,"enemies":"Exordium Thugs","floor":10,"turns":4},{"damage":20,"enemies":"Lots of Slimes","floor":11,"turns":4},{"damage":1,"enemies":"2 Fungi Beasts","floor":14,"turns":3},{"damage":33,"enemies":"Hexaghost","floor":16,"turns":6},{"damage":0,"enemies":"3 Byrds","floor":18,"turns":4},{"damage":9,"enemies":"Shell Parasite","floor":19,"turns":3},{"damage":31,"enemies":"Snake Plant","floor":22,"turns":4},{"damage":57,"enemies":"Gremlin Leader","floor":23,"turns":5}],"event_choices":[{"event_name":"World of Goop","player_choice":"Gather Gold","floor":3,"damage_taken":0},{"event_name":"The Lab","player_choice":"Got Potions","floor":4,"damage_taken":0},{"event_name":"Match and Keep!","player_choice":"2 cards matched","floor":13,"damage_taken":0},{"event_name":"Accursed Blacksmith","player_choice":"Forge","floor":21,"damage_taken":0}],"boss_relics":[{"not_picked":["Runic Pyramid","Black Blood"],"picked":"Snecko Eye"}],"potions_floor_spawned":[1,10,16,19],"seed_played":"-3056825376525243304","killed_by":"Gremlin Leader","ascension_level":2,"is_trial":false}