{"path_per_floor":["M","M","?","?","?","E","?","T","T","M","$","R","E","M","R","B",null,"M","M","?","$","?","R","E","R","T","?","R","M","M","M","R"],"character_chosen":"IRONCLAD","items_purchased":["Vajra","Anchor","Toxic Egg"],"gold_per_floor":[114,127,127,127,127,162,262,562,562,572,38,38,64,81,81,185,185,185,185,100,0,0,0,0,0,0,0,0,0,0,0,0],"floor_reached":33,"campfire_rested":2,"playtime":1508,"current_hp_per_floor":[80,80,80,64,64,40,40,40,40,32,32,56,32,34,34,38,80,68,68,68,68,68,68,51,51,51,51,75,74,69,64,64],"items_purged":["Strike_R","Regret"],"gold":0,"play_id":"ae1d2c59-9cb1-47ed-8955-dc9bfb9d56f5","is_prod":false,"is_daily":false,"is_ascension_mode":false,"campfire_upgraded":4,"path_taken":["M","M","?","?","?","E","?","?","T","?","$","R","E","M","R","BOSS","M","M","?","$","?","R","E","R","T","?","R","M","?","M","R","BOSS"],"build_version":"2018-01-25-PROD3","purchased_purges":2,"victory":false,"master_deck":["Strike_R","Strike_R","Strike_R","Strike_R","Defend_R","Defend_R+1","Defend_R","Bash+1","Spot Weakness+1","Armaments+1","Shrug It Off","Juggernaut+1","Berserk","Twin Strike","Iron Wave","Demon Form","Heavy Blade+1","Clash","Dual Wield+1","Sword Boomerang+1","Whirlwind+1","Infernal Blade+1"],"max_hp_per_floor":[80,80,80,80,80,80,80,80,80,80,80,80,80,80,80,80,80,80,80,80,80,80,80,80,80,80,80,80,80,80,80,80],"relics":["Burning Blood","Peace Pipe","Frozen Egg","Old Coin","Pantograph","Vajra","Anchor","Toxic Egg","Oddly Smooth Stone","Ectoplasm","Meat on the Bone","Dream Catcher","Champion Belt"],"card_choices":[{"not_picked":["Perfected Strike","Clothesline"],"picked":"Spot Weakness"},{"not_picked":["Havoc","Wild Strike"],"picked":"Armaments"},{"not_picked":["Combust","Entrench"],"picked":"Shrug It Off"},{"not_picked":["Thunderclap","Reaper"],"picked":"Berserk"},{"not_picked":["Warcry","Ghostly Armor"],"picked":"Twin Strike"},{"not_picked":["Flame Barrier","Dropkick"],"picked":"Iron Wave"},{"not_picked":["Berserk","Bludgeon"],"picked":"Demon Form"},{"not_picked":["Anger","Disarm"],"picked":"Heavy Blade"},{"not_picked":["Anger","Perfected Strike"],"picked":"Clash"},{"not_picked":["Heavy Blade","Anger"],"picked":"Sword Boomerang"},{"not_picked":["Infernal Blade","True Grit"],"picked":"Whirlwind"},{"not_picked":["Heavy Blade","Body Slam"],"picked":"Infernal Blade"}],"player_experience":147859,"potions_floor_usage":[19,33],"damage_taken":[{"damage":0,"enemies":"Small Slimes","floor":1,"turns":3},{"damage":6,"enemies":"Cultist","floor":2,"turns":3},{"damage":30,"enemies":"3 Sentries","floor":6,"turns":7},{"damage":14,"enemies":"Jaw Worm","floor":10,"turns":4},{"damage":30,"enemies":"Gremlin Nob","floor":13,"turns":4},{"damage":4,"enemies":"Exordium Wildlife","floor":14,"turns":4},{"damage":27,"enemies":"Hexaghost","floor":16,"turns":9},{"damage":18,"enemies":"3 Byrds","floor":18,"turns":5},{"damage":6,"enemies":"Chosen","floor":19,"turns":5},{"damage":35,"enemies":"Slavers","floor":24,"turns":5},{"damage":7,"enemies":"Slaver and Parasite","floor":29,"turns":6},{"damage":11,"enemies":"Snake Plant","floor":30,"turns":3},{"damage":11,"enemies":"Snecko","floor":31,"turns":4},{"damage":117,"enemies":"Automaton","floor":33,"turns":6}],"event_choices":[{"event_name":"Big Fish","player_choice":"Box","floor":3,"damage_taken":0},{"event_name":"Shining Light","player_choice":"Entered Light","floor":4,"damage_taken":0},{"event_name":"Living Wall","player_choice":"Change","floor":5,"damage_taken":0},{"event_name":"Golden Shrine","player_choice":"Pray","floor":7,"damage_taken":0},{"event_name":"Addict","player_choice":"Obtained Relic","floor":20,"damage_taken":0},{"event_name":"The Library","player_choice":"Read","floor":22,"damage_taken":0},{"event_name":"Golden Shrine","player_choice":"Pray","floor":27,"damage_taken":0}],"boss_relics":[{"not_picked":["Pandora\u0027s Box","Lizard Tail"],"picked":"Ectoplasm"}],"potions_floor_spawned":[6,14,19,29,31],"seed_played":"-6545970364718943786","killed_by":"Automaton","ascension_level":0,"is_trial":false}