{"path_per_floor":["M","M","?","$","M","E","R","E","T","E","R","$","M","?","R","B",null,"M","?","?","$","?","E","R","M","T","R","E","M","M","E","R","B",null,"M","?","$","M","M","R","$","R","T","M","R","T","R","?","R","B"],"character_chosen":"IRONCLAD","items_purchased":["Happy Flower","Oddly Smooth Stone","Singing Bowl","Bottled Tornado"],"gold_per_floor":[116,129,379,156,167,195,195,229,229,259,259,12,31,31,31,128,128,140,140,65,65,65,99,99,109,135,135,164,183,198,229,229,326,356,375,424,39,53,73,73,73,73,123,136,136,136,136,136,136,136],"floor_reached":51,"campfire_rested":1,"playtime":4092,"current_hp_per_floor":[76,63,63,63,67,62,62,44,44,25,25,25,45,50,50,38,85,85,85,85,85,85,85,85,85,85,85,81,85,85,70,70,68,90,88,34,34,56,65,65,65,65,65,56,56,56,56,46,89,70],"items_purged":["Regret","Defend_R"],"gold":136,"play_id":"b93fd4ea-8fb0-407a-ab61-9ec4bd9cd8ff","is_prod":false,"is_daily":false,"is_ascension_mode":true,"campfire_upgraded":10,"path_taken":["M","M","?","$","M","E","R","E","T","E","R","?","M","?","R","BOSS","M","?","?","?","?","E","R","M","T","R","E","M","M","E","R","BOSS","M","?","$","M","M","R","?","R","T","?","R","?","R","?","R","BOSS"],"build_version":"2018-01-25-PROD3","purchased_purges":2,"victory":true,"master_deck":["Bash","Armaments+1","Whirlwind+1","Flame Barrier","Spot Weakness","Inflame","Pommel Strike+1","Flame Barrier+1","Cleave","Limit Break+1","Body Slam","Thunderclap","Twin Strike","Sword Boomerang+1","Warcry+1","Clash","Spot Weakness","Shrug It Off+1","Pommel Strike+1","Flame Barrier+1","Impervious","Intimidate+1","Impervious+1","Evolve+1","Headbutt+1","Battle Trance+1","Madness","Madness"],"max_hp_per_floor":[80,80,80,80,80,80,80,80,80,80,80,80,80,85,85,85,85,85,85,85,85,85,85,85,85,85,85,85,85,85,85,85,85,90,90,90,90,92,94,94,94,94,94,94,94,94,94,94,94,94],"relics":["Burning Blood","Happy Flower","Blood Vial","Lantern","Ice Cream","Meat on the Bone","Oddly Smooth Stone","Pandora\u0027s Box","Ancient Tea Set","Toxic Egg","Bag of Preparation","Bronze Scales","Tiny House","Charon\u0027s Ashes","Singing Bowl","Bottled Tornado","Regal Pillow","Omamori"],"card_choices":[{"not_picked":["Wild Strike","Headbutt"],"picked":"Armaments"},{"not_picked":["Sword Boomerang","True Grit"],"picked":"Whirlwind"},{"not_picked":["Twin Strike","Blood for Blood"],"picked":"Flame Barrier"},{"not_picked":["Heavy Blade","Second Wind"],"picked":"Spot Weakness"},{"not_picked":["Corruption","Wild Strike"],"picked":"Inflame"},{"not_picked":["Immolate","Iron Wave"],"picked":"Pommel Strike"},{"not_picked":["Feel No Pain","Uppercut"],"picked":"Flame Barrier"},{"not_picked":["Burning Pact","Sever Soul"],"picked":"Cleave"},{"not_picked":["Berserk","Exhume"],"picked":"Limit Break"},{"not_picked":["Twin Strike","Clash"],"picked":"Spot Weakness"},{"not_picked":["True Grit","Thunderclap"],"picked":"Pommel Strike"},{"not_picked":["Infernal Blade","Body Slam"],"picked":"Flame Barrier"},{"not_picked":["True Grit","Corruption"],"picked":"Impervious"},{"not_picked":["Searing Blow","Warcry"],"picked":"Intimidate"},{"not_picked":["Berserk","Brutality"],"picked":"Impervious"},{"not_picked":["Body Slam","Havoc"],"picked":"Evolve"},{"not_picked":["Anger","Dual Wield"],"picked":"Headbutt"},{"not_picked":["Double Tap","Havoc"],"picked":"Battle Trance"}],"player_experience":170586,"potions_floor_usage":[6,10,25,28,33,35,36,44,50,50],"damage_taken":[{"damage":10,"enemies":"Cultist","floor":1,"turns":5},{"damage":19,"enemies":"Blue Slaver","floor":2,"turns":7},{"damage":2,"enemies":"2 Louse","floor":5,"turns":3},{"damage":11,"enemies":"3 Sentries","floor":6,"turns":3},{"damage":26,"enemies":"Lagavulin","floor":8,"turns":6},{"damage":30,"enemies":"Gremlin Nob","floor":10,"turns":4},{"damage":0,"enemies":"Large Slime","floor":13,"turns":3},{"damage":32,"enemies":"The Guardian","floor":16,"turns":9},{"damage":6,"enemies":"Chosen","floor":18,"turns":3},{"damage":6,"enemies":"Book of Stabbing","floor":23,"turns":3},{"damage":0,"enemies":"2 Thieves","floor":25,"turns":1},{"damage":10,"enemies":"Gremlin Leader","floor":28,"turns":6},{"damage":1,"enemies":"Centurion and Healer","floor":29,"turns":5},{"damage":1,"enemies":"Snake Plant","floor":30,"turns":4},{"damage":21,"enemies":"Book of Stabbing","floor":31,"turns":5},{"damage":10,"enemies":"Collector","floor":33,"turns":5},{"damage":8,"enemies":"3 Shapes","floor":35,"turns":4},{"damage":74,"enemies":"Mysterious Sphere","floor":36,"turns":7},{"damage":0,"enemies":"3 Darklings","floor":38,"turns":3},{"damage":13,"enemies":"Maw","floor":39,"turns":7},{"damage":29,"enemies":"4 Shapes","floor":44,"turns":6},{"damage":27,"enemies":"Awakened One","floor":50,"turns":8}],"event_choices":[{"event_name":"Golden Shrine","player_choice":"Desecrate","floor":3,"damage_taken":0},{"event_name":"Big Fish","player_choice":"Donut","floor":14,"damage_taken":0},{"event_name":"The Library","player_choice":"Read","floor":19,"damage_taken":0},{"event_name":"Beggar","player_choice":"Gave Gold","floor":20,"damage_taken":0},{"event_name":"Purifier","player_choice":"One Purge","floor":22,"damage_taken":0},{"event_name":"Mysterious Sphere","player_choice":"Fight","floor":36,"damage_taken":0},{"event_name":"Winding Halls","player_choice":"Embrace Madness","floor":48,"damage_taken":0}],"boss_relics":[{"not_picked":["Runic Pyramid","Orrery"],"picked":"Pandora\u0027s Box"},{"not_picked":["Runic Cube","Runic Dome"],"picked":"Tiny House"}],"potions_floor_spawned":[5,8,10,13,23,25,28,33,36,38],"seed_played":"3930611113252360901","ascension_level":2,"is_trial":false}