{"path_per_floor":["M","$","M","M","?","R","E","R","T","?","E","R","$","M","R","B",null,"M","M","M","M","$","R"],"character_chosen":"IRONCLAD","items_purchased":["Jack Of All Trades","Flex","Spot Weakness"],"gold_per_floor":[114,7,27,42,42,42,71,71,71,71,102,102,3,22,22,117,117,129,139,151,168,87,87],"floor_reached":24,"campfire_rested":3,"playtime":1210,"current_hp_per_floor":[73,73,66,65,65,65,36,60,60,60,39,63,63,69,69,39,80,53,43,12,17,17,41],"items_purged":["Strike_R"],"gold":87,"play_id":"f4fcade1-58be-4d96-ad99-2d4cd61af00e","is_prod":false,"is_daily":false,"is_ascension_mode":true,"campfire_upgraded":2,"path_taken":["M","?","?","M","?","R","E","R","T","?","E","R","$","M","R","BOSS","M","?","M","M","$","R","E"],"build_version":"2018-01-25-PROD3","purchased_purges":2,"victory":false,"master_deck":["Strike_R","Strike_R","Strike_R","Defend_R","Defend_R","Defend_R","Bash","Dropkick","Jack Of All Trades+1","Flex+1","Shrug It Off+1","Blood for Blood","Flex","Flex","Limit Break","Fire Breathing","Armaments","Spot Weakness"],"max_hp_per_floor":[80,80,80,80,80,80,80,80,80,80,80,80,80,80,80,80,80,80,80,80,80,80,80],"relics":["Burning Blood","Art of War","Unceasing Top","Gremlin Horn","Black Star"],"card_choices":[{"not_picked":["Thunderclap","Second Wind"],"picked":"Dropkick"},{"not_picked":["Thunderclap","Bloodletting"],"picked":"Flex"},{"not_picked":["Wild Strike","Berserk"],"picked":"Shrug It Off"},{"not_picked":["Carnage","Rage"],"picked":"Blood for Blood"},{"not_picked":["Rage","Feel No Pain"],"picked":"Flex"},{"not_picked":["Exhume","Brutality"],"picked":"Limit Break"},{"not_picked":["Blood for Blood","Sentinel"],"picked":"Fire Breathing"},{"not_picked":["Shockwave","Havoc"],"picked":"Armaments"}],"player_experience":149367,"potions_floor_usage":[11,20,21,21,21],"damage_taken":[{"damage":13,"enemies":"Blue Slaver","floor":1,"turns":5},{"damage":13,"enemies":"Jaw Worm","floor":3,"turns":4},{"damage":7,"enemies":"Small Slimes","floor":4,"turns":3},{"damage":35,"enemies":"3 Sentries","floor":7,"turns":8},{"damage":27,"enemies":"Gremlin Nob","floor":11,"turns":5},{"damage":0,"enemies":"2 Fungi Beasts","floor":14,"turns":2},{"damage":36,"enemies":"Slime Boss","floor":16,"turns":5},{"damage":33,"enemies":"Chosen","floor":18,"turns":6},{"damage":16,"enemies":"Spheric Guardian","floor":19,"turns":5},{"damage":37,"enemies":"Snake Plant","floor":20,"turns":4},{"damage":1,"enemies":"Snecko","floor":21,"turns":4},{"damage":47,"enemies":"Slavers","floor":24,"turns":3}],"event_choices":[{"event_name":"Living Wall","player_choice":"Forget","floor":5,"damage_taken":0},{"event_name":"Upgrade Shrine","player_choice":"Upgraded","floor":10,"damage_taken":0}],"boss_relics":[{"not_picked":["Snecko Eye","Runic Dome"],"picked":"Black Star"}],"potions_floor_spawned":[3,11,14,16,18,20,21],"seed_played":"3655284410051458729","killed_by":"Slavers","ascension_level":1,"is_trial":false}