{"path_per_floor":["M","M","$","M","M","R","?","$","T","E","R","M","M","M","R","B",null,"M","M","$","M","$","?","T","?","T","R","M"],"character_chosen":"IRONCLAD","items_purchased":["Armaments","Dramatic Entrance","Fire Breathing","Shockwave","Feel No Pain","Flex"],"gold_per_floor":[113,132,10,26,40,40,215,22,22,51,51,64,77,91,91,189,189,208,195,126,142,116,116,143,358,358,358,369],"floor_reached":29,"campfire_rested":2,"playtime":1529,"current_hp_per_floor":[80,80,80,70,76,76,76,76,76,57,80,74,78,80,80,80,80,68,57,57,36,36,36,36,36,36,76,33],"items_purged":["Doubt"],"gold":369,"play_id":"d0aab4bc-4f56-44c9-9c06-0f29e06c094b","is_prod":false,"is_daily":false,"is_ascension_mode":false,"campfire_upgraded":2,"path_taken":["M","M","$","M","M","R","?","$","T","E","R","?","M","M","R","BOSS","M","M","$","M","$","?","?","?","T","R","M","M"],"build_version":"2018-01-25-PROD3","purchased_purges":1,"victory":false,"master_deck":["Strike_R","Strike_R","Strike_R","Strike_R","Strike_R","Defend_R","Defend_R","Defend_R","Defend_R","Bash","Immolate","Rampage","Double Tap","Armaments","Dramatic Entrance","Fire Breathing+1","Flame Barrier","Fire Breathing","Shockwave","Feed+1","Headbutt","Rage","Body Slam","Impervious","Pummel+1","Shrug It Off","Feel No Pain","Flex","Flex","Reaper"],"max_hp_per_floor":[80,80,80,80,80,80,80,80,80,80,80,80,80,80,80,80,80,84,84,84,84,84,84,84,84,84,84,88],"relics":["Burning Blood","Bronze Scales","Magic Flower","Runic Pyramid","Regal Pillow","Old Coin","Girya"],"card_choices":[{"not_picked":["Feel No Pain","Iron Wave"],"picked":"Rampage"},{"not_picked":["Hemokinesis","Armaments"],"picked":"Double Tap"},{"not_picked":["Dropkick","Warcry"],"picked":"Fire Breathing"},{"not_picked":["Anger","Hemokinesis"],"picked":"Flame Barrier"},{"not_picked":["Fire Breathing","Rupture"],"picked":"Feed"},{"not_picked":["Armaments","Second Wind"],"picked":"Headbutt"},{"not_picked":["Dropkick","Fire Breathing"],"picked":"Rage"},{"not_picked":["True Grit","Heavy Blade"],"picked":"Body Slam"},{"not_picked":["Fiend Fire","Dark Embrace"],"picked":"Impervious"},{"not_picked":["Pommel Strike","Burning Pact"],"picked":"Pummel"},{"not_picked":["Thunderclap","Pummel"],"picked":"Shrug It Off"},{"not_picked":["Headbutt","Pommel Strike"],"picked":"Flex"},{"not_picked":["Dual Wield","Headbutt"],"picked":"Reaper"}],"player_experience":45361,"potions_floor_usage":[10,16,16,21],"damage_taken":[{"damage":2,"enemies":"Small Slimes","floor":1,"turns":4},{"damage":3,"enemies":"Jaw Worm","floor":2,"turns":3},{"damage":16,"enemies":"Blue Slaver","floor":4,"turns":5},{"damage":0,"enemies":"2 Fungi Beasts","floor":5,"turns":2},{"damage":25,"enemies":"3 Sentries","floor":10,"turns":6},{"damage":15,"enemies":"Looter","floor":12,"turns":3},{"damage":5,"enemies":"Red Slaver","floor":13,"turns":3},{"damage":7,"enemies":"Exordium Thugs","floor":14,"turns":2},{"damage":32,"enemies":"Slime Boss","floor":16,"turns":10},{"damage":27,"enemies":"Spheric Guardian","floor":18,"turns":6},{"damage":20,"enemies":"2 Thieves","floor":19,"turns":4},{"damage":30,"enemies":"3 Cultists","floor":21,"turns":6},{"damage":58,"enemies":"Snake Plant","floor":28,"turns":5},{"damage":36,"enemies":"Snecko","floor":29,"turns":9}],"event_choices":[{"event_name":"Liars Game","player_choice":"agreed","floor":7,"damage_taken":0},{"event_name":"Vampires","player_choice":"Ignored","floor":23,"damage_taken":0},{"event_name":"Addict","player_choice":"Obtained Relic","floor":25,"damage_taken":0}],"boss_relics":[{"not_picked":["Mark of Pain","Astrolabe"],"picked":"Runic Pyramid"}],"potions_floor_spawned":[1,5,10,13,19,21],"seed_played":"-7830353208671180665","killed_by":"Snecko","ascension_level":0,"is_trial":false}