{"path_per_floor":["M","?","M","M","?","R","E","M","T","$","T","R","M","M","R","B",null,"M","?","M","M","?","R","$","R","T","M","R","M","E","M","R","B",null,"M","$","?","$","M","R","$","M","T","M","M","M","?","M","R","B"],"character_chosen":"IRONCLAD","items_purchased":["Inflame","True Grit","Inflame","Dexterity Potion","Shrug It Off","Molten Egg"],"gold_per_floor":[111,111,121,131,81,81,113,125,125,40,65,65,85,100,100,197,197,208,123,138,150,150,150,75,75,102,115,115,126,154,167,167,269,269,280,245,245,21,38,38,38,51,102,112,131,149,149,163,163,163],"floor_reached":51,"campfire_rested":2,"playtime":5472,"current_hp_per_floor":[60,60,64,73,73,73,60,67,67,67,67,67,74,67,67,31,75,55,55,51,42,42,42,42,42,42,38,38,33,15,8,32,18,81,67,67,57,57,55,79,79,56,56,76,68,73,73,91,91,17],"items_purged":["Strike_R"],"gold":163,"play_id":"b3efdecc-4a6a-4eb1-ae56-b73ca25f591a","is_prod":false,"is_daily":false,"is_ascension_mode":false,"campfire_upgraded":7,"path_taken":["M","?","M","M","?","R","E","M","T","?","?","R","M","M","R","BOSS","M","?","?","M","?","R","$","R","T","M","R","?","E","M","R","BOSS","M","?","?","$","M","R","$","M","T","M","?","M","?","?","R","BOSS"],"build_version":"2018-01-25-PROD3","purchased_purges":2,"victory":true,"master_deck":["Strike_R","Defend_R","Defend_R","Defend_R","Bash","Infernal Blade+1","Reaper","Shrug It Off+1","Whirlwind","Barricade+1","Shrug It Off+1","Inflame","True Grit+1","Burning Pact","Pommel Strike+1","Feed","Armaments+1","Rampage","Flame Barrier","Iron Wave+1","Flame Barrier+1","Juggernaut","Flame Barrier+1","Demon Form+1","Metallicize+1","Inflame","Madness","Madness","Shrug It Off","Power Through+1","Shockwave+1","Warcry+1","Metallicize+1","Limit Break","Uppercut","Iron Wave+1"],"max_hp_per_floor":[72,72,75,75,75,75,75,75,75,75,75,75,75,75,75,75,75,75,75,75,78,78,78,78,78,78,81,81,81,81,81,81,81,81,81,81,81,81,81,81,81,84,84,88,88,91,91,91,91,91],"relics":["Burning Blood","Lantern","Sundial","Prayer Wheel","Philosopher\u0027s Stone","Dodecahedron","Oddly Smooth Stone","Toxic Egg","Sozu","Molten Egg","Bag of Marbles"],"card_choices":[{"not_picked":["Seeing Red","Corruption"],"picked":"Infernal Blade"},{"not_picked":["Dual Wield","Warcry"],"picked":"Shrug It Off"},{"not_picked":["Metallicize","Shockwave"],"picked":"Whirlwind"},{"not_picked":["Spot Weakness","Flame Barrier"],"picked":"Barricade"},{"not_picked":["Pommel Strike","Uppercut"],"picked":"Shrug It Off"},{"not_picked":["Whirlwind","Clothesline"],"picked":"Burning Pact"},{"not_picked":["Burning Pact","Cleave"],"picked":"Pommel Strike"},{"not_picked":["Dark Embrace","Berserk"],"picked":"Feed"},{"not_picked":["Whirlwind","Clothesline"],"picked":"Armaments"},{"not_picked":["Flex","Rage"],"picked":"Rampage"},{"not_picked":["Second Wind","Clothesline"],"picked":"Flame Barrier"},{"not_picked":["Reckless Charge","Second Wind"],"picked":"Flame Barrier"},{"not_picked":["Pummel","Armaments"],"picked":"Juggernaut"},{"not_picked":["True Grit","Dropkick"],"picked":"Flame Barrier"},{"not_picked":["Dark Embrace","Bludgeon"],"picked":"Demon Form"},{"not_picked":["Dropkick","Perfected Strike"],"picked":"Metallicize"},{"not_picked":["Burning Pact","Thunderclap"],"picked":"Power Through"},{"not_picked":["Headbutt","Clash"],"picked":"Shockwave"},{"not_picked":["Sword Boomerang","Perfected Strike"],"picked":"Warcry"},{"not_picked":["Armaments","Hemokinesis"],"picked":"Metallicize"},{"not_picked":["Uppercut","Sword Boomerang"],"picked":"Limit Break"},{"not_picked":["Thunderclap","Clothesline"],"picked":"Iron Wave"}],"player_experience":122143,"potions_floor_usage":[],"damage_taken":[{"damage":18.0,"enemies":"Blue Slaver","floor":1.0,"turns":6.0},{"damage":11.0,"enemies":"Jaw Worm","floor":3.0,"turns":4.0},{"damage":1.0,"enemies":"Cultist","floor":4.0,"turns":4.0},{"damage":30.0,"enemies":"3 Sentries","floor":7.0,"turns":5.0},{"damage":3.0,"enemies":"Looter","floor":8.0,"turns":5.0},{"damage":7.0,"enemies":"3 Louse","floor":13.0,"turns":3.0},{"damage":20.0,"enemies":"Exordium Wildlife","floor":14.0,"turns":3.0},{"damage":66.0,"enemies":"Hexaghost","floor":16.0,"turns":15.0},{"damage":30.0,"enemies":"Chosen","floor":18.0,"turns":7.0},{"damage":10.0,"enemies":"Spheric Guardian","floor":20.0,"turns":7.0},{"damage":18.0,"enemies":"Snake Plant","floor":21.0,"turns":4.0},{"damage":19.0,"enemies":"Slaver and Parasite","floor":27.0,"turns":9.0},{"damage":17.0,"enemies":"Snecko","floor":29.0,"turns":7.0},{"damage":24.0,"enemies":"Slavers","floor":30.0,"turns":4.0},{"damage":13.0,"enemies":"Snake Plant","floor":31.0,"turns":5.0},{"damage":27.0,"enemies":"Automaton","floor":33.0,"turns":18.0},{"damage":28,"enemies":"3 Darklings","floor":35,"turns":5},{"damage":23,"enemies":"Orb Walker","floor":39,"turns":3},{"damage":42,"enemies":"Sphere and 2 Shapes","floor":42,"turns":7},{"damage":0,"enemies":"Maw","floor":44,"turns":9},{"damage":14,"enemies":"4 Shapes","floor":45,"turns":1},{"damage":4,"enemies":"Sphere and 2 Shapes","floor":46,"turns":8},{"damage":22,"enemies":"3 Darklings","floor":48,"turns":8},{"damage":99,"enemies":"Awakened One","floor":50,"turns":15}],"event_choices":[{"event_name":"Transmorgrifier","player_choice":"Transform","floor":2.0,"damage_taken":0.0},{"event_name":"The Cleric","player_choice":"Card Removal","floor":5.0,"damage_taken":0.0},{"event_name":"Addict","player_choice":"Obtained Relic","floor":19.0,"damage_taken":0.0},{"event_name":"The Library","player_choice":"Read","floor":22.0,"damage_taken":0.0},{"event_name":"Winding Halls","player_choice":"Embrace Madness","floor":37,"damage_taken":0},{"event_name":"Match and Keep!","player_choice":"1 cards matched","floor":47,"damage_taken":0}],"boss_relics":[{"not_picked":["Eternal Feather","Black Blood"],"picked":"Sozu"}],"potions_floor_spawned":[1,3,4,8,13,18,20,21,31,35,42,45],"seed_played":"7944683283898256041","ascension_level":0,"is_trial":false}