{"path_per_floor":["M","M","M","?","M","R","E","$","T","M","E","R","M","?","R","B",null,"M","M","M","?","M","R","M","R","T","R","M","M","?","E","R","B",null,"M","?","$","M","?","R","E","M","T","R","?","M"],"character_chosen":"IRONCLAD","items_purchased":["Clash","Double Tap","Thunderclap","Regen Potion"],"gold_per_floor":[114,125,145,245,260,260,288,41,41,60,85,85,97,97,97,195,195,209,222,232,232,246,246,258,258,258,258,277,291,206,241,241,346,346,364,364,191,202,202,202,237,252,252,252,0,16],"floor_reached":47,"campfire_rested":7,"playtime":4128,"current_hp_per_floor":[80,80,80,80,78,78,58,58,58,60,58,80,75,80,80,45,85,88,80,59,43,36,63,36,63,63,90,91,84,84,49,76,41,91,56,46,46,50,50,78,38,30,30,59,59,13],"items_purged":["Defend_R","Defend_R"],"gold":16,"play_id":"3f773c1f-bc41-4131-b80a-d32b21cc4660","is_prod":false,"is_daily":false,"is_ascension_mode":false,"campfire_upgraded":2,"path_taken":["M","M","M","?","M","R","E","$","T","M","E","R","M","?","R","BOSS","M","M","M","?","?","R","M","R","T","R","M","M","?","E","R","BOSS","M","?","$","?","?","R","E","M","T","R","?","M","M"],"build_version":"2018-02-01-PROD1","purchased_purges":2,"victory":false,"master_deck":["Strike_R","Strike_R","Strike_R","Strike_R","Strike_R","Defend_R","Defend_R","Bash","Intimidate","Cleave+1","Heavy Blade","Berserk","Spot Weakness+1","Clash","Double Tap+1","Perfected Strike","Clash","Headbutt+1","Feed","Heavy Blade","Headbutt+1","Twin Strike+1","Flash of Steel","Cleave","Perfected Strike","Flex+1","Flex+1","Cleave+1","Blood for Blood+1","Flex+1","Cleave","Madness+1","Madness+1","Thunderclap","Flex+1","Anger+1","Flex+1","Flex+1","Searing Blow+1","Infernal Blade+1","Anger"],"max_hp_per_floor":[80,80,80,80,80,80,80,80,80,80,80,80,80,85,85,85,85,88,88,88,88,91,91,91,91,91,91,91,91,91,91,91,91,91,94,94,94,94,94,94,97,97,97,97,97,97],"relics":["Burning Blood","Orichalcum","Toxic Egg 2","Champion Belt","Toolbox","White Beast Statue","Dream Catcher","Lantern","Oddly Smooth Stone","Velvet Choker","Prayer Wheel","Juzu Bracelet","Red Mask"],"card_choices":[{"not_picked":["Armaments","Fiend Fire"],"picked":"Intimidate"},{"not_picked":["Second Wind","Thunderclap"],"picked":"Cleave"},{"not_picked":["Thunderclap","Armaments"],"picked":"Heavy Blade"},{"not_picked":["Body Slam","Iron Wave"],"picked":"Berserk"},{"not_picked":["Iron Wave","Shockwave"],"picked":"Spot Weakness"},{"not_picked":["Sword Boomerang","Headbutt"],"picked":"Perfected Strike"},{"not_picked":["Heavy Blade","Brutality"],"picked":"Clash"},{"not_picked":["Sword Boomerang","Armaments"],"picked":"Headbutt"},{"not_picked":["Fiend Fire","Impervious"],"picked":"Feed"},{"not_picked":["Intimidate","Rage"],"picked":"Heavy Blade"},{"not_picked":["Sword Boomerang","Armaments"],"picked":"Headbutt"},{"not_picked":["Cleave","Perfected Strike"],"picked":"Twin Strike"},{"not_picked":["Shrug It Off","Body Slam"],"picked":"Cleave"},{"not_picked":["Armaments","Sword Boomerang"],"picked":"Perfected Strike"},{"not_picked":["Warcry","Body Slam"],"picked":"Flex"},{"not_picked":["Offering","Clash"],"picked":"Flex"},{"not_picked":["Thunderclap","Burning Pact"],"picked":"Cleave"},{"not_picked":["Reckless Charge","Perfected Strike"],"picked":"Blood for Blood"},{"not_picked":["Warcry","True Grit"],"picked":"Flex"},{"not_picked":["Impervious","Limit Break"],"picked":"Demon Form"},{"not_picked":["True Grit","Warcry"],"picked":"Cleave"},{"not_picked":["Sword Boomerang","Warcry"],"picked":"Flex"},{"not_picked":["Perfected Strike","Juggernaut"],"picked":"Anger"},{"not_picked":["Thunderclap","Berserk"],"picked":"Flex"},{"not_picked":["Fire Breathing","Warcry"],"picked":"Flex"},{"not_picked":["Sword Boomerang","Power Through"],"picked":"Searing Blow"},{"not_picked":["Intimidate","Searing Blow"],"picked":"Infernal Blade"},{"not_picked":["Armaments","Seeing Red"],"picked":"Anger"}],"player_experience":13445,"potions_floor_usage":[10,22,33,33,38,41],"damage_taken":[{"damage":0,"enemies":"Cultist","floor":1,"turns":3},{"damage":2,"enemies":"Jaw Worm","floor":2,"turns":2},{"damage":0,"enemies":"Small Slimes","floor":3,"turns":3},{"damage":8,"enemies":"3 Louse","floor":5,"turns":4},{"damage":26,"enemies":"3 Sentries","floor":7,"turns":7},{"damage":4,"enemies":"Looter","floor":10,"turns":2},{"damage":8,"enemies":"Gremlin Nob","floor":11,"turns":3},{"damage":11,"enemies":"Gremlin Gang","floor":13,"turns":3},{"damage":41,"enemies":"The Guardian","floor":16,"turns":6},{"damage":2,"enemies":"3 Byrds","floor":18,"turns":4},{"damage":14,"enemies":"Shell Parasite","floor":19,"turns":4},{"damage":31,"enemies":"3 Cultists","floor":20,"turns":6},{"damage":16,"enemies":"Cultist and Chosen","floor":22,"turns":5},{"damage":33,"enemies":"Snake Plant","floor":24,"turns":4},{"damage":5,"enemies":"Snecko","floor":28,"turns":3},{"damage":13,"enemies":"Cultist and Chosen","floor":29,"turns":4},{"damage":41,"enemies":"Slavers","floor":31,"turns":4},{"damage":41,"enemies":"Collector","floor":33,"turns":7},{"damage":44,"enemies":"3 Shapes","floor":35,"turns":4},{"damage":5,"enemies":"Orb Walker","floor":38,"turns":2},{"damage":64,"enemies":"Nemesis","floor":41,"turns":7},{"damage":14,"enemies":"3 Darklings","floor":42,"turns":4},{"damage":52,"enemies":"4 Shapes","floor":46,"turns":4},{"damage":13,"enemies":"Sphere and 2 Shapes","floor":47,"turns":2}],"event_choices":[{"event_name":"Wheel of Change","player_choice":"Gold","floor":4,"damage_taken":0},{"event_name":"Big Fish","player_choice":"Donut","floor":14,"damage_taken":0},{"event_name":"Knowing Skull","player_choice":"CARD ","floor":21,"damage_taken":0},{"event_name":"Addict","player_choice":"Obtained Relic","floor":30,"damage_taken":0},{"event_name":"Winding Halls","player_choice":"Embrace Madness","floor":36,"damage_taken":0},{"event_name":"Tomb of Lord Red Mask","player_choice":"Paid","floor":45,"damage_taken":0}],"boss_relics":[{"not_picked":["Cursed Key","Runic Cube"],"picked":"White Beast Statue"},{"not_picked":["Mark of Pain","Orrery"],"picked":"Velvet Choker"}],"potions_floor_spawned":[3,5,11,13,18,19,20,22,24,28,29,31,33,35,38,41,42,46],"seed_played":"4625979838454534842","killed_by":"Sphere and 2 Shapes","ascension_level":0,"is_trial":false}