{"path_per_floor":["M","?","?","M","$","E","M","E","T","M","M","E","?","M","R"],"character_chosen":"IRONCLAD","items_purchased":["Fire Potion","Cleave"],"gold_per_floor":[110,110,185,196,24,58,70,98,124,136,147,176,206,226,226],"floor_reached":16,"campfire_rested":1,"playtime":847,"current_hp_per_floor":[82,82,71,64,64,56,56,31,31,32,24,22,22,28,53],"items_purged":["Strike_R"],"gold":226,"play_id":"7765e5a4-73cc-4883-a1fc-4d97dd98c3a3","is_prod":false,"is_daily":false,"is_ascension_mode":true,"campfire_upgraded":0,"path_taken":["M","?","?","M","$","E","?","E","T","M","M","E","?","M","R","BOSS"],"build_version":"2018-02-01-PROD3","purchased_purges":1,"victory":false,"master_deck":["Strike_R","Strike_R","Strike_R","Strike_R","Defend_R","Defend_R","Defend_R","Defend_R","Bash","Inflame","Cleave","Double Tap","Feel No Pain","Pommel Strike","Heavy Blade","Second Wind"],"max_hp_per_floor":[82,82,82,82,82,82,84,84,84,84,84,86,86,86,86],"relics":["Burning Blood","Singing Bowl","Unceasing Top","Bottled Flame","Oddly Smooth Stone","Vajra","Darkstone Periapt"],"card_choices":[{"not_picked":["Headbutt","Iron Wave"],"picked":"Inflame"},{"not_picked":["Shrug It Off","Headbutt"],"picked":"Double Tap"},{"not_picked":["Power Through","Shockwave"],"picked":"Feel No Pain"},{"not_picked":["Blood for Blood","Thunderclap"],"picked":"Pommel Strike"},{"not_picked":["Pummel","Wild Strike"],"picked":"Heavy Blade"},{"not_picked":["Wild Strike","Whirlwind"],"picked":"Second Wind"}],"player_experience":179218,"potions_floor_usage":[6,6,8,10,14],"damage_taken":[{"damage":6,"enemies":"Cultist","floor":1,"turns":3},{"damage":13,"enemies":"Jaw Worm","floor":4,"turns":4},{"damage":14,"enemies":"3 Sentries","floor":6,"turns":7},{"damage":8,"enemies":"2 Louse","floor":7,"turns":2},{"damage":31,"enemies":"Lagavulin","floor":8,"turns":5},{"damage":5,"enemies":"Looter","floor":10,"turns":3},{"damage":14,"enemies":"Gremlin Gang","floor":11,"turns":2},{"damage":10,"enemies":"3 Sentries","floor":12,"turns":5},{"damage":0,"enemies":"3 Louse","floor":14,"turns":3},{"damage":53,"enemies":"The Guardian","floor":16,"turns":9}],"event_choices":[{"event_name":"Shining Light","player_choice":"Ignored","floor":2,"damage_taken":0},{"event_name":"World of Goop","player_choice":"Gather Gold","floor":3,"damage_taken":0},{"event_name":"Dead Adventurer","player_choice":"Searched \u00272\u0027 times","floor":13,"damage_taken":0}],"boss_relics":[],"potions_floor_spawned":[1,4,6,12],"seed_played":"6873011506033933541","killed_by":"The Guardian","ascension_level":2,"is_trial":false}