{"path_per_floor":["M","M","M","?","?","R","$","$","T","R","M","M","M","M","R","B",null,"M","?","M","$","M","R","M","R","T","R","?","T","M"],"character_chosen":"IRONCLAD","items_purchased":[],"gold_per_floor":[112,132,150,150,150,150,75,75,75,75,95,115,126,146,146,243,243,258,258,270,170,185,185,200,200,271,271,271,271,290],"floor_reached":31,"campfire_rested":2,"playtime":2054,"current_hp_per_floor":[80,80,80,80,85,85,85,85,85,85,81,79,79,70,70,29,85,63,63,63,63,29,54,39,64,64,64,64,64,51],"items_purged":["Strike_R","Strike_R"],"gold":290,"play_id":"d9972a85-bdc6-450a-b599-79897d114f3c","is_prod":false,"is_daily":false,"is_ascension_mode":false,"campfire_upgraded":4,"path_taken":["M","M","M","?","?","R","?","$","T","R","M","M","?","M","R","BOSS","M","?","M","$","?","R","M","R","T","R","?","?","M","?"],"build_version":"2018-02-01-PROD3","purchased_purges":2,"victory":false,"master_deck":["Strike_R","Defend_R","Defend_R","Defend_R","Defend_R","Bash","Shrug It Off","True Grit","Blood for Blood+1","Flex+1","Inflame+1","Body Slam","Metallicize","Headbutt","Barricade+1","Shrug It Off","Infernal Blade","Anger","Heavy Blade+1","Shrug It Off+1","Writhe","Double Tap","Heavy Blade"],"max_hp_per_floor":[80,80,80,80,85,85,85,85,85,85,85,85,85,85,85,85,85,85,85,85,85,85,85,85,85,85,85,85,85,85],"relics":["Burning Blood","Prayer Wheel","Sozu","Meat on the Bone","Letter Opener","Bottled Flame"],"card_choices":[{"not_picked":["Shockwave","Thunderclap"],"picked":"Shrug It Off"},{"not_picked":["Infernal Blade","Clash"],"picked":"True Grit"},{"not_picked":["Shrug It Off","Warcry"],"picked":"Blood for Blood"},{"not_picked":["Heavy Blade","Twin Strike"],"picked":"Flex"},{"not_picked":["Burning Pact","Uppercut"],"picked":"Inflame"},{"not_picked":["Shockwave","Rage"],"picked":"Body Slam"},{"not_picked":["Spot Weakness","Thunderclap"],"picked":"Metallicize"},{"not_picked":["Infernal Blade","Iron Wave"],"picked":"Headbutt"},{"not_picked":["Reaper","Limit Break"],"picked":"Barricade"},{"not_picked":["Wild Strike","Flex"],"picked":"Shrug It Off"},{"not_picked":["Dual Wield","Twin Strike"],"picked":"Infernal Blade"},{"not_picked":["Thunderclap","Combust"],"picked":"Anger"},{"not_picked":["Anger","Perfected Strike"],"picked":"Heavy Blade"},{"not_picked":["Pommel Strike","Warcry"],"picked":"Shrug It Off"},{"not_picked":["Infernal Blade","Body Slam"],"picked":"Double Tap"},{"not_picked":["Wild Strike","Uppercut"],"picked":"Heavy Blade"}],"player_experience":25966,"potions_floor_usage":[],"damage_taken":[{"damage":1.0,"enemies":"Cultist","floor":1.0,"turns":4.0},{"damage":0.0,"enemies":"Small Slimes","floor":2.0,"turns":3.0},{"damage":5.0,"enemies":"2 Louse","floor":3.0,"turns":2.0},{"damage":10.0,"enemies":"Lots of Slimes","floor":11.0,"turns":5.0},{"damage":8.0,"enemies":"Exordium Wildlife","floor":12.0,"turns":3.0},{"damage":6.0,"enemies":"2 Fungi Beasts","floor":13.0,"turns":4.0},{"damage":15.0,"enemies":"Exordium Thugs","floor":14.0,"turns":7.0},{"damage":47.0,"enemies":"The Guardian","floor":16.0,"turns":11.0},{"damage":28.0,"enemies":"Spheric Guardian","floor":18.0,"turns":6.0},{"damage":6.0,"enemies":"Shell Parasite","floor":20.0,"turns":6.0},{"damage":40.0,"enemies":"3 Cultists","floor":22.0,"turns":6.0},{"damage":21.0,"enemies":"Snake Plant","floor":24.0,"turns":4.0},{"damage":31.0,"enemies":"Slaver and Parasite","floor":30.0,"turns":6.0},{"damage":63,"enemies":"Chosen and Byrds","floor":31,"turns":5}],"event_choices":[{"event_name":"Living Wall","player_choice":"Forget","floor":4.0,"damage_taken":0.0},{"event_name":"Big Fish","player_choice":"Donut","floor":5.0,"damage_taken":0.0},{"event_name":"Back to Basics","player_choice":"Elegance","floor":19.0,"damage_taken":0.0},{"event_name":"The Mausoleum","player_choice":"Yes","floor":28.0,"damage_taken":0.0}],"boss_relics":[],"potions_floor_spawned":[1,3,12,16,24,30],"seed_played":"4240313868256260934","killed_by":"Chosen and Byrds","ascension_level":0,"is_trial":false}