{"path_per_floor":["M","?","?","M","M","R","E","M","T","$","?","R","M","M","R","B",null,"M","?","?","M","M","R","E","?","T","M","M","?","R","$","R"],"character_chosen":"IRONCLAD","items_purchased":["Twin Strike","Master of Strategy"],"gold_per_floor":[116,116,191,208,218,218,250,267,314,188,168,168,179,196,196,293,293,311,311,311,323,339,339,372,297,297,315,325,325,325,39,39],"floor_reached":33,"campfire_rested":4,"playtime":1692,"current_hp_per_floor":[80,80,69,70,71,71,50,45,45,45,45,69,71,73,73,66,80,74,74,74,66,45,69,53,53,53,46,36,36,60,60,80],"items_purged":["Regret","Strike_R"],"gold":39,"play_id":"cf14dcce-3652-4357-870b-d9921b5d9ee5","is_prod":false,"is_daily":false,"is_ascension_mode":false,"campfire_upgraded":2,"path_taken":["M","?","?","M","?","R","E","M","T","$","?","R","M","M","R","BOSS","M","?","?","M","M","R","E","?","T","M","?","?","R","$","R","BOSS"],"build_version":"2018-02-01-PROD3","purchased_purges":2,"victory":false,"master_deck":["Strike_R","Strike_R","Strike_R","Defend_R","Defend_R","Defend_R","Defend_R","Bash","Offering","Perfected Strike+1","Seeing Red","Perfected Strike+1","Inflame","Wild Strike","Twin Strike","Twin Strike","Flex","Headbutt","Flex+1","Master of Strategy"],"max_hp_per_floor":[80,80,80,80,80,80,80,80,80,80,80,80,80,80,80,80,80,80,80,80,80,80,80,80,80,80,80,80,80,80,80,80],"relics":["Burning Blood","Centennial Puzzle","Oddly Smooth Stone","Question Card","Toolbox","Anchor","Ice Cream","Nloth\u0027s Gift"],"card_choices":[{"not_picked":["Cleave","Wild Strike"],"picked":"Perfected Strike"},{"not_picked":["Clash","Shockwave"],"picked":"Seeing Red"},{"not_picked":["Sword Boomerang","Shockwave"],"picked":"Perfected Strike"},{"not_picked":["Immolate","Flame Barrier"],"picked":"Inflame"},{"not_picked":["Sword Boomerang","Rupture"],"picked":"Wild Strike"},{"not_picked":["Wild Strike","Disarm"],"picked":"Twin Strike"},{"not_picked":["Iron Wave","Battle Trance","Shockwave"],"picked":"Flex"},{"not_picked":["Shrug It Off","Infernal Blade","Sentinel"],"picked":"Flex"}],"player_experience":38512,"potions_floor_usage":[14,22,33,33,33],"damage_taken":[{"damage":6,"enemies":"Cultist","floor":1,"turns":3},{"damage":5,"enemies":"2 Louse","floor":4,"turns":2},{"damage":5,"enemies":"Jaw Worm","floor":5,"turns":2},{"damage":27,"enemies":"Lagavulin","floor":7,"turns":4},{"damage":11,"enemies":"3 Louse","floor":8,"turns":3},{"damage":4,"enemies":"Looter","floor":13,"turns":2},{"damage":4,"enemies":"Gremlin Gang","floor":14,"turns":1},{"damage":13,"enemies":"Slime Boss","floor":16,"turns":8},{"damage":12,"enemies":"Chosen","floor":18,"turns":3},{"damage":14,"enemies":"2 Thieves","floor":21,"turns":3},{"damage":27,"enemies":"Chosen and Byrds","floor":22,"turns":5},{"damage":22,"enemies":"Gremlin Leader","floor":24,"turns":5},{"damage":13,"enemies":"Snecko","floor":27,"turns":3},{"damage":16,"enemies":"Centurion and Healer","floor":28,"turns":3},{"damage":91,"enemies":"Champ","floor":33,"turns":13}],"event_choices":[{"event_name":"Big Fish","player_choice":"Box","floor":2,"damage_taken":0},{"event_name":"World of Goop","player_choice":"Gather Gold","floor":3,"damage_taken":0},{"event_name":"The Woman in Blue","player_choice":"Bought 1 Potion","floor":11,"damage_taken":0},{"event_name":"The Library","player_choice":"Read","floor":19,"damage_taken":0},{"event_name":"The Mausoleum","player_choice":"Yes","floor":20,"damage_taken":0},{"event_name":"Beggar","player_choice":"Gave Gold","floor":25,"damage_taken":0},{"event_name":"N\u0027loth","player_choice":"Traded a Dodecahedron","floor":29,"damage_taken":0}],"boss_relics":[{"not_picked":["Astrolabe","Runic Dome"],"picked":"Question Card"}],"potions_floor_spawned":[4,7,13,14,18,22,27,28],"seed_played":"-2195524088625853539","killed_by":"Champ","ascension_level":0,"is_trial":false}