{"path_per_floor":["M","M","?","M","$","E","R","E","T","?","?","?","R","T","R","B",null,"M","?","M","$","M","R","M","R","T","?","$","M"],"character_chosen":"IRONCLAD","items_purchased":["Spot Weakness","Mummified Hand","Metallicize"],"gold_per_floor":[115,134,134,144,65,100,100,132,132,207,235,235,235,287,287,387,387,404,404,424,14,32,32,47,47,74,74,74,92],"floor_reached":30,"campfire_rested":4,"playtime":913,"current_hp_per_floor":[72,72,65,64,64,50,71,56,56,45,29,53,72,72,72,39,72,61,61,40,40,11,32,7,28,28,28,28,40],"items_purged":["Decay"],"gold":92,"score":283,"play_id":"50ac575a-7236-47f5-a96b-df10d175a947","is_prod":false,"is_daily":false,"is_ascension_mode":true,"campfire_upgraded":1,"path_taken":["M","M","?","M","$","E","R","E","T","?","?","?","R","?","R","BOSS","M","?","?","$","M","R","M","R","T","?","$","M","E"],"build_version":"2018-02-12-PROD1","purchased_purges":1,"victory":false,"master_deck":["Strike_R","Strike_R","Strike_R","Strike_R","Defend_R","Defend_R","Defend_R","Defend_R","Bash","Demon Form+1","Flex","Rampage","Headbutt","Spot Weakness","Armaments+1","Impervious","Shrug It Off+1","Double Tap+1","Shrug It Off+1","Carnage+1","Metallicize","Flame Barrier+1","Disarm+1","Thunderclap","Heavy Blade"],"max_hp_per_floor":[72,72,72,72,72,72,72,72,72,72,72,72,72,72,72,72,72,72,72,72,72,72,72,72,72,72,72,72,72],"relics":["Burning Blood","Happy Flower","Bottled Lightning","Toxic Egg 2","Odd Mushroom","Dream Catcher","Lizard Tail","Mummified Hand","Omamori"],"card_choices":[{"not_picked":["Bludgeon","Offering"],"picked":"Demon Form"},{"not_picked":["Sword Boomerang","Havoc"],"picked":"Flex"},{"not_picked":["Armaments","Cleave"],"picked":"Rampage"},{"not_picked":["Twin Strike","Thunderclap"],"picked":"Headbutt"},{"not_picked":["Disarm","Sentinel"],"picked":"Armaments"},{"not_picked":["Disarm","Intimidate"],"picked":"Impervious"},{"not_picked":["Iron Wave","Hemokinesis"],"picked":"Shrug It Off"},{"not_picked":["Juggernaut","Impervious"],"picked":"Double Tap"},{"not_picked":["Entrench","Uppercut"],"picked":"Shrug It Off"},{"not_picked":["True Grit","Evolve"],"picked":"Carnage"},{"not_picked":["Carnage","Twin Strike"],"picked":"Flame Barrier"},{"not_picked":["Evolve","Wild Strike"],"picked":"Disarm"},{"not_picked":["Body Slam","Dropkick"],"picked":"Thunderclap"},{"not_picked":["Blood for Blood","Carnage"],"picked":"Heavy Blade"}],"player_experience":167348,"potions_floor_usage":[8,18,22,22,29,30],"damage_taken":[{"damage":4,"enemies":"Small Slimes","floor":1,"turns":4},{"damage":4,"enemies":"2 Louse","floor":2,"turns":3},{"damage":7,"enemies":"Jaw Worm","floor":4,"turns":3},{"damage":20,"enemies":"Lagavulin","floor":6,"turns":5},{"damage":21,"enemies":"3 Sentries","floor":8,"turns":6},{"damage":22,"enemies":"The Mushroom Lair","floor":11,"turns":5},{"damage":39,"enemies":"Hexaghost","floor":16,"turns":9},{"damage":17,"enemies":"2 Thieves","floor":18,"turns":3},{"damage":27,"enemies":"Spheric Guardian","floor":20,"turns":6},{"damage":35,"enemies":"3 Cultists","floor":22,"turns":6},{"damage":31,"enemies":"Snecko","floor":24,"turns":4},{"damage":39,"enemies":"Cultist and Chosen","floor":29,"turns":8},{"damage":40,"enemies":"Slavers","floor":30,"turns":4}],"event_choices":[{"event_name":"Golden Wing","player_choice":"Card Removal","floor":3,"damage_taken":0},{"event_name":"World of Goop","player_choice":"Gather Gold","floor":10,"damage_taken":0},{"event_name":"Mushrooms","player_choice":"Fought Mushrooms","floor":11,"damage_taken":0},{"event_name":"Big Fish","player_choice":"Banana","floor":12,"damage_taken":0},{"event_name":"Forgotten Altar","player_choice":"Smashed Altar","floor":19,"damage_taken":0},{"event_name":"Accursed Blacksmith","player_choice":"Forge","floor":27,"damage_taken":0}],"boss_relics":[{"not_picked":["Black Star","Calling Bell"],"picked":"Lizard Tail"}],"potions_floor_spawned":[2,4,11,16,18,29],"seed_played":"-5820325186149588752","killed_by":"Slavers","ascension_level":4,"is_trial":false}