{"path_per_floor":["M","M","M","M","M","R","?","?","T","R","M","?","R","M","R","B",null,"M","M","?","?","$","R","$","R","T","M","R","M","M","M","R","B",null,"M","M","M","?","M","R","E","M","T","R","?","?","R","M","R","B"],"character_chosen":"IRONCLAD","items_purchased":["Armaments","Finesse"],"gold_per_floor":[17,33,51,68,88,88,88,88,114,114,124,199,199,216,216,318,318,318,318,318,318,192,192,3,3,3,3,3,3,3,3,3,3,3,3,3,3,0,0,0,0,0,0,0,0,0,0,0,0,0],"floor_reached":51,"campfire_rested":0,"playtime":2605,"current_hp_per_floor":[80,79,65,40,40,40,40,40,40,40,39,28,28,34,34,27,80,80,56,56,56,56,56,56,56,56,52,52,58,64,70,70,76,80,80,80,78,78,80,80,66,72,72,72,71,87,87,87,87,65],"items_purged":["Decay","Strike_R"],"gold":0,"score":624,"play_id":"4e749e7a-295c-4de3-a8c9-56c76e5df2e1","is_prod":false,"is_daily":false,"is_ascension_mode":false,"campfire_upgraded":12,"path_taken":["M","M","M","M","M","R","?","?","T","R","M","?","R","M","R","BOSS","M","M","?","?","$","R","$","R","T","M","R","M","M","M","R","BOSS","M","M","M","?","?","R","E","M","T","R","?","?","R","M","R","BOSS"],"build_version":"2018-02-08-PROD1","purchased_purges":2,"victory":true,"master_deck":["Strike_R","Strike_R","Strike_R","Defend_R","Defend_R","Bash","Barricade+1","Seeing Red+1","Power Through+1","Entrench+1","Cleave","Body Slam+1","Shrug It Off","Shrug It Off","Shrug It Off+1","Seeing Red+1","True Grit+1","Impervious","Armaments+1","Finesse","Battle Trance+1","Body Slam+1","Shrug It Off","Immolate","Ghostly Armor","Metallicize+1","True Grit+1","Seeing Red+1"],"max_hp_per_floor":[80,80,80,80,80,80,80,80,80,80,80,80,80,80,80,80,80,80,80,80,80,80,80,80,80,80,80,80,80,80,80,80,80,80,80,80,80,80,80,80,87,87,87,87,87,87,87,87,87,87],"relics":["Burning Blood","Bronze Scales","Ectoplasm","Oddly Smooth Stone","Tiny Chest","Mark of Pain","Red Mask","Strawberry","Juzu Bracelet","Ice Cream"],"card_choices":[{"not_picked":["Bludgeon","Disarm"],"picked":"Power Through"},{"not_picked":["Reckless Charge","Bloodletting"],"picked":"Entrench"},{"not_picked":["Rupture","Pommel Strike"],"picked":"Cleave"},{"not_picked":["Inflame","Sentinel"],"picked":"Body Slam"},{"not_picked":["Spot Weakness","Pommel Strike"],"picked":"Shrug It Off"},{"not_picked":["Flex","Heavy Blade"],"picked":"Shrug It Off"},{"not_picked":["Inflame","Bloodletting"],"picked":"Shrug It Off"},{"not_picked":["Warcry","Shrug It Off"],"picked":"Seeing Red"},{"not_picked":["Flame Barrier","Feel No Pain"],"picked":"True Grit"},{"not_picked":["Second Wind","Warcry"],"picked":"Battle Trance"},{"not_picked":["Shrug It Off","Havoc"],"picked":"Body Slam"},{"not_picked":["Rampage","Cleave"],"picked":"Shrug It Off"},{"not_picked":["Exhume","Reaper"],"picked":"Immolate"},{"not_picked":["Battle Trance","True Grit"],"picked":"Ghostly Armor"},{"not_picked":["Havoc","Perfected Strike"],"picked":"Ghostly Armor"},{"not_picked":["Ghostly Armor","Corruption"],"picked":"Metallicize"},{"not_picked":["Thunderclap","Wild Strike"],"picked":"True Grit"},{"not_picked":["Anger","Shrug It Off"],"picked":"Seeing Red"}],"player_experience":346754,"potions_floor_usage":[4,16,41,41,50],"damage_taken":[{"damage":6,"enemies":"2 Louse","floor":1,"turns":3},{"damage":7,"enemies":"Blue Slaver","floor":2,"turns":6},{"damage":20,"enemies":"Jaw Worm","floor":3,"turns":5},{"damage":31,"enemies":"Gremlin Gang","floor":4,"turns":4},{"damage":6,"enemies":"2 Fungi Beasts","floor":5,"turns":3},{"damage":7,"enemies":"3 Louse","floor":11,"turns":3},{"damage":0,"enemies":"Looter","floor":14,"turns":2},{"damage":13,"enemies":"Hexaghost","floor":16,"turns":8},{"damage":2,"enemies":"3 Byrds","floor":18,"turns":5},{"damage":30,"enemies":"Shell Parasite","floor":19,"turns":8},{"damage":10,"enemies":"Snake Plant","floor":27,"turns":5},{"damage":0,"enemies":"Centurion and Healer","floor":29,"turns":6},{"damage":0,"enemies":"Chosen and Byrds","floor":30,"turns":6},{"damage":0,"enemies":"Snake Plant","floor":31,"turns":4},{"damage":0,"enemies":"Champ","floor":33,"turns":7},{"damage":1,"enemies":"Orb Walker","floor":35,"turns":2},{"damage":6,"enemies":"3 Shapes","floor":36,"turns":4},{"damage":8,"enemies":"3 Darklings","floor":37,"turns":6},{"damage":0,"enemies":"Maw","floor":39,"turns":5},{"damage":42,"enemies":"2 Orb Walkers","floor":41,"turns":10},{"damage":0,"enemies":"Sphere and 2 Shapes","floor":42,"turns":8},{"damage":7,"enemies":"Mysterious Sphere","floor":45,"turns":9},{"damage":0,"enemies":"4 Shapes","floor":48,"turns":7},{"damage":28,"enemies":"Time Eater","floor":50,"turns":12}],"event_choices":[{"event_name":"Wheel of Change","player_choice":"Curse","floor":7,"damage_taken":0},{"event_name":"Upgrade Shrine","player_choice":"Upgraded","floor":8,"damage_taken":0},{"event_name":"World of Goop","player_choice":"Gather Gold","floor":12,"damage_taken":0},{"event_name":"The Mausoleum","player_choice":"Yes","floor":20,"damage_taken":0},{"event_name":"Transmorgrifier","player_choice":"Transform","floor":21,"damage_taken":0},{"event_name":"Tomb of Lord Red Mask","player_choice":"Paid","floor":38,"damage_taken":0},{"event_name":"Mysterious Sphere","player_choice":"Fight","floor":45,"damage_taken":0},{"event_name":"Bonfire Elementals","player_choice":"UNCOMMON","floor":46,"damage_taken":0}],"boss_relics":[{"not_picked":["Black Star","Tiny House"],"picked":"Ectoplasm"},{"not_picked":["Orrery","Snecko Eye"],"picked":"Mark of Pain"}],"potions_floor_spawned":[1,2,3,11,16,19,29,35,36,45,48],"seed_played":"2165354876338633159","ascension_level":0,"is_trial":false}