{"path_per_floor":["M","M","M","$","M","R","?","R","T","$","M","E","$","M","R","B",null,"M","?","$","?","M","E","?","R","T"],"character_chosen":"IRONCLAD","items_purchased":["Clash","Seeing Red"],"gold_per_floor":[111,129,143,22,33,33,33,33,33,33,51,81,6,21,21,118,118,137,137,37,37,49,77,77,77,77],"floor_reached":27,"campfire_rested":1,"playtime":1039,"current_hp_per_floor":[79,80,71,71,31,31,31,31,31,31,21,24,24,30,54,15,80,77,77,77,61,61,49,49,49,49],"items_purged":["Strike_R","Evolve"],"gold":77,"score":266,"play_id":"5e1f3fa8-ff4e-4f4a-a39c-c2eb99149176","is_prod":false,"is_daily":false,"is_ascension_mode":true,"campfire_upgraded":3,"path_taken":["M","M","M","$","M","R","?","R","T","?","?","E","$","M","R","BOSS","M","?","$","?","?","E","?","R","T","E"],"build_version":"2018-02-15-PROD1","purchased_purges":3,"victory":false,"master_deck":["Strike_R","Strike_R","Defend_R","Defend_R","Defend_R","Defend_R","Bash","Clash","Seeing Red+1","Cleave","Clash","Iron Wave+1","Iron Wave+1","Infernal Blade","Seeing Red","Iron Wave","Impervious","Seeing Red+1","Berserk+1","Inflame","Writhe","Necronomicurse","Dual Wield","Double Tap"],"max_hp_per_floor":[80,80,80,80,80,80,80,80,80,80,80,80,80,80,80,80,80,80,80,80,80,80,80,80,80,80],"relics":["Burning Blood","Dead Branch","Dodecahedron","Astrolabe","Lantern","Necronomicon","Vajra","Regal Pillow"],"card_choices":[{"not_picked":["Anger","Wild Strike"],"picked":"Clash"},{"not_picked":["Iron Wave","Rampage"],"picked":"Seeing Red"},{"not_picked":["Clash","Uppercut"],"picked":"Evolve"},{"not_picked":["Headbutt","Hemokinesis"],"picked":"Cleave"},{"not_picked":["Ghostly Armor","Pommel Strike"],"picked":"Iron Wave"},{"not_picked":["Cleave","Sword Boomerang"],"picked":"Iron Wave"},{"not_picked":["Burning Pact","Thunderclap"],"picked":"Infernal Blade"},{"not_picked":["Havoc","Cleave"],"picked":"Iron Wave"},{"not_picked":["Limit Break","Demon Form"],"picked":"Impervious"},{"not_picked":["Thunderclap","Blood for Blood"],"picked":"Inflame"},{"not_picked":["Clash","Rampage"],"picked":"Dual Wield"},{"not_picked":["Clash","Perfected Strike"],"picked":"Double Tap"}],"player_experience":220965,"potions_floor_usage":[12,12,14,22,23],"damage_taken":[{"damage":7,"enemies":"Jaw Worm","floor":1,"turns":2},{"damage":1,"enemies":"Cultist","floor":2,"turns":3},{"damage":15,"enemies":"Small Slimes","floor":3,"turns":3},{"damage":46,"enemies":"Exordium Thugs","floor":5,"turns":5},{"damage":16,"enemies":"Exordium Wildlife","floor":11,"turns":6},{"damage":3,"enemies":"3 Sentries","floor":12,"turns":4},{"damage":0,"enemies":"Large Slime","floor":14,"turns":4},{"damage":45,"enemies":"Hexaghost","floor":16,"turns":11},{"damage":9,"enemies":"3 Byrds","floor":18,"turns":7},{"damage":6,"enemies":"Shell Parasite","floor":22,"turns":3},{"damage":33,"enemies":"Slavers","floor":23,"turns":6},{"damage":55,"enemies":"Book of Stabbing","floor":27,"turns":5}],"event_choices":[{"event_name":"The Lab","player_choice":"Got Potions","floor":7,"damage_taken":0},{"event_name":"The Mausoleum","player_choice":"Yes","floor":19,"damage_taken":0},{"event_name":"Cursed Tome","player_choice":"Obtained Book","floor":21,"damage_taken":0},{"event_name":"Addict","player_choice":"Ignored","floor":24,"damage_taken":0}],"boss_relics":[{"not_picked":["Mark of Pain","Snecko Eye"],"picked":"Astrolabe"}],"potions_floor_spawned":[3,5,12,18,22],"seed_played":"-3457431384940299418","killed_by":"Book of Stabbing","ascension_level":3,"is_trial":false}