{"path_per_floor":["M","M","?","$","M","R","M","?","T","?","?","$","M","?","R","B",null,"M","?","$"],"character_chosen":"IRONCLAD","items_purchased":["Shrug It Off"],"gold_per_floor":[109,125,125,1,20,20,36,36,61,61,61,61,81,81,81,181,181,166,166,66],"floor_reached":21,"campfire_rested":0,"playtime":894,"current_hp_per_floor":[80,80,64,64,61,61,50,47,47,47,73,73,60,60,60,41,80,52,57,57],"items_purged":["Strike_R","Strike_R"],"gold":66,"score":200,"play_id":"8fcc0949-c131-4b04-a712-18aa58f0ab9a","is_prod":false,"is_daily":false,"is_ascension_mode":true,"campfire_upgraded":2,"path_taken":["M","M","?","$","M","R","M","?","T","?","?","?","?","?","R","BOSS","M","?","$","M"],"build_version":"2018-02-08-PROD1","purchased_purges":2,"victory":false,"master_deck":["Strike_R","Strike_R","Strike_R","Defend_R","Defend_R","Defend_R","Defend_R+1","Bash","Spot Weakness","Armaments+1","Shrug It Off+1","True Grit+1","Heavy Blade","Limit Break"],"max_hp_per_floor":[80,80,80,80,80,80,80,80,80,80,80,80,80,80,80,80,80,80,80,80],"relics":["Burning Blood","Ornamental Fan","Ancient Tea Set","Snecko Eye"],"card_choices":[{"not_picked":["Flame Barrier","Clothesline"],"picked":"Spot Weakness"},{"not_picked":["Hemokinesis","Rage"],"picked":"Armaments"},{"not_picked":["Armaments","Clash"],"picked":"True Grit"},{"not_picked":["Havoc","Twin Strike"],"picked":"Anger"},{"not_picked":["Blood for Blood","Clash"],"picked":"Heavy Blade"},{"not_picked":["Offering","Demon Form"],"picked":"Limit Break"}],"player_experience":123673,"potions_floor_usage":[16,16,21],"damage_taken":[{"damage":6,"enemies":"Cultist","floor":1,"turns":3},{"damage":3,"enemies":"Jaw Worm","floor":2,"turns":4},{"damage":9,"enemies":"Small Slimes","floor":5,"turns":6},{"damage":17,"enemies":"Exordium Thugs","floor":7,"turns":5},{"damage":19,"enemies":"Lots of Slimes","floor":13,"turns":6},{"damage":25,"enemies":"Hexaghost","floor":16,"turns":12},{"damage":34,"enemies":"2 Thieves","floor":18,"turns":4},{"damage":57,"enemies":"3 Byrds","floor":21,"turns":6}],"event_choices":[{"event_name":"Shining Light","player_choice":"Entered Light","floor":3,"damage_taken":0},{"event_name":"Scrap Ooze","player_choice":"success","floor":8,"damage_taken":3},{"event_name":"The Woman in Blue","player_choice":"Bought 0 Potions","floor":10,"damage_taken":0},{"event_name":"Big Fish","player_choice":"Banana","floor":11,"damage_taken":0},{"event_name":"The Lab","player_choice":"Got Potions","floor":14,"damage_taken":0},{"event_name":"Bonfire Elementals","player_choice":"COMMON","floor":19,"damage_taken":0}],"boss_relics":[{"not_picked":["Eternal Feather","Astrolabe"],"picked":"Snecko Eye"}],"potions_floor_spawned":[1,2,5,18],"seed_played":"343255714633868656","killed_by":"3 Byrds","ascension_level":4,"is_trial":false}