{"path_per_floor":["M","M","M","?","M","R","E","M","T","?","?","M","R","M","R","B",null,"M","M","?","?","?","R","M"],"character_chosen":"IRONCLAD","items_purchased":[],"gold_per_floor":[113,129,142,142,161,161,191,211,235,235,200,216,216,232,232,331,331,341,356,356,356,356,356,376],"floor_reached":25,"campfire_rested":4,"playtime":963,"current_hp_per_floor":[72,68,69,53,16,40,17,19,19,19,39,35,59,28,52,32,80,74,68,68,68,53,78,19],"items_purged":[],"gold":376,"score":246,"play_id":"eaeff8bc-6f0b-4f48-a5ff-1904d19d9e35","is_prod":false,"is_daily":false,"is_ascension_mode":true,"campfire_upgraded":0,"path_taken":["M","?","M","?","M","R","E","M","T","?","?","M","R","M","R","BOSS","M","M","?","?","?","R","?","E"],"build_version":"2018-02-08-PROD1","purchased_purges":0,"victory":false,"master_deck":["Strike_R+1","Strike_R","Strike_R","Strike_R","Strike_R+1","Defend_R","Defend_R","Defend_R","Defend_R","Bash","Blood for Blood","Metallicize","Sword Boomerang","Shrug It Off","Headbutt","Fire Breathing","Barricade+1","Armaments","Armaments","Juggernaut","Burning Pact","Headbutt","Entrench+1","Berserk"],"max_hp_per_floor":[80,80,80,80,80,80,80,80,80,80,80,80,80,80,80,80,80,80,80,80,80,85,85,85],"relics":["Burning Blood","Pantograph","Oddly Smooth Stone","Lizard Tail"],"card_choices":[{"not_picked":["Sword Boomerang","Clothesline"],"picked":"Blood for Blood"},{"not_picked":["Rampage","Thunderclap"],"picked":"Metallicize"},{"not_picked":["Iron Wave","Havoc"],"picked":"Sword Boomerang"},{"not_picked":["Clothesline","Dual Wield"],"picked":"Shrug It Off"},{"not_picked":["Second Wind","Twin Strike"],"picked":"Headbutt"},{"not_picked":["Shrug It Off","Blood for Blood"],"picked":"Fire Breathing"},{"not_picked":["Flex","Infernal Blade"],"picked":"Barricade"},{"not_picked":["Rupture","Second Wind"],"picked":"Armaments"},{"not_picked":["True Grit","Sword Boomerang"],"picked":"Armaments"},{"not_picked":["Double Tap","Exhume"],"picked":"Juggernaut"},{"not_picked":["Sword Boomerang","Flex"],"picked":"Burning Pact"},{"not_picked":["Rupture","Flex"],"picked":"Headbutt"},{"not_picked":["Shrug It Off","Wild Strike"],"picked":"Berserk"}],"player_experience":152943,"potions_floor_usage":[7,8,24],"damage_taken":[{"damage":14,"enemies":"Blue Slaver","floor":1,"turns":5},{"damage":10,"enemies":"Jaw Worm","floor":2,"turns":6},{"damage":5,"enemies":"2 Louse","floor":3,"turns":3},{"damage":43,"enemies":"Gremlin Gang","floor":5,"turns":6},{"damage":29,"enemies":"Gremlin Nob","floor":7,"turns":4},{"damage":4,"enemies":"2 Fungi Beasts","floor":8,"turns":3},{"damage":10,"enemies":"Looter","floor":12,"turns":3},{"damage":37,"enemies":"Gremlin Gang","floor":14,"turns":4},{"damage":51,"enemies":"Hexaghost","floor":16,"turns":11},{"damage":12,"enemies":"Chosen","floor":18,"turns":6},{"damage":12,"enemies":"3 Byrds","floor":19,"turns":6},{"damage":80,"enemies":"Cultist and Chosen","floor":24,"turns":9},{"damage":77,"enemies":"Gremlin Leader","floor":25,"turns":5}],"event_choices":[{"event_name":"Shining Light","player_choice":"Entered Light","floor":4,"damage_taken":0},{"event_name":"Living Wall","player_choice":"Grow","floor":10,"damage_taken":0},{"event_name":"The Cleric","player_choice":"Healed","floor":11,"damage_taken":0},{"event_name":"The Library","player_choice":"Read","floor":20,"damage_taken":0},{"event_name":"Accursed Blacksmith","player_choice":"Forge","floor":21,"damage_taken":0},{"event_name":"Forgotten Altar","player_choice":"Shed Blood","floor":22,"damage_taken":0}],"boss_relics":[{"not_picked":["Runic Cube","Question Card"],"picked":"Lizard Tail"}],"potions_floor_spawned":[1,2,12,19],"seed_played":"5574432677075919322","killed_by":"Gremlin Leader","ascension_level":4,"is_trial":false}