{"path_per_floor":["M","M","M","$","M","R","E","R","T","M","R","$","R","M","R","B",null,"M","?","T","$","M","R","M","M","T","M","R","M","M"],"character_chosen":"IRONCLAD","items_purchased":["Whirlwind"],"gold_per_floor":[111,124,139,71,87,87,115,115,140,159,159,84,84,103,103,202,202,213,138,193,93,112,112,122,135,135,146,146,163,179],"floor_reached":31,"campfire_rested":3,"playtime":2188,"current_hp_per_floor":[70,75,81,81,80,80,54,54,54,44,70,70,70,80,80,14,97,65,65,65,65,44,74,62,59,59,20,50,32,22],"items_purged":["Strike_R","Strike_R"],"gold":179,"score":314,"play_id":"17bd2fe1-410c-4bf4-b2df-ed4bc77f3c9c","is_prod":false,"is_daily":false,"is_ascension_mode":true,"campfire_upgraded":4,"path_taken":["M","?","M","$","M","R","E","R","T","?","R","?","R","?","R","BOSS","M","?","?","?","M","R","M","M","T","M","R","M","M","?"],"build_version":"2018-02-08-PROD1","purchased_purges":4,"victory":false,"master_deck":["Strike_R","Strike_R","Defend_R+1","Defend_R+1","Defend_R","Defend_R+1","Bash","Feed+1","Whirlwind+1","Warcry+1","Offering","Armaments"],"max_hp_per_floor":[80,80,83,83,86,86,86,86,86,89,89,89,89,93,93,97,97,101,101,101,101,101,101,101,101,101,101,101,105,105],"relics":["Burning Blood","Red Skull","War Paint","Runic Pyramid","Omamori","Ice Cream"],"card_choices":[{"not_picked":["Searing Blow","Fire Breathing"],"picked":"Feed"},{"not_picked":["Iron Wave","Sentinel"],"picked":"Warcry"},{"not_picked":["Feed","Demon Form"],"picked":"Offering"},{"not_picked":["Sword Boomerang","Second Wind"],"picked":"Armaments"}],"player_experience":116292,"potions_floor_usage":[22,24,27,27,31],"damage_taken":[{"damage":16,"enemies":"Blue Slaver","floor":1,"turns":5},{"damage":1,"enemies":"Cultist","floor":2,"turns":4},{"damage":3,"enemies":"2 Louse","floor":3,"turns":2},{"damage":10,"enemies":"2 Fungi Beasts","floor":5,"turns":3},{"damage":32,"enemies":"Gremlin Nob","floor":7,"turns":4},{"damage":19,"enemies":"Exordium Thugs","floor":10,"turns":3},{"damage":0,"enemies":"Exordium Wildlife","floor":14,"turns":3},{"damage":76,"enemies":"The Guardian","floor":16,"turns":12},{"damage":42,"enemies":"Shell Parasite","floor":18,"turns":17},{"damage":27,"enemies":"Chosen","floor":22,"turns":5},{"damage":18,"enemies":"Snecko","floor":24,"turns":6},{"damage":9,"enemies":"Chosen and Byrds","floor":25,"turns":8},{"damage":45,"enemies":"Sentry and Sphere","floor":27,"turns":9},{"damage":28,"enemies":"Centurion and Healer","floor":29,"turns":3},{"damage":16,"enemies":"Cultist and Chosen","floor":30,"turns":4},{"damage":23,"enemies":"Snake Plant","floor":31,"turns":2}],"event_choices":[{"event_name":"Beggar","player_choice":"Gave Gold","floor":19,"damage_taken":0}],"boss_relics":[{"not_picked":["Snecko Eye","Tiny House"],"picked":"Runic Pyramid"}],"potions_floor_spawned":[1,3,7,10,22,25,30],"seed_played":"-4343581114173448056","killed_by":"Snake Plant","ascension_level":4,"is_trial":false}