{"path_per_floor":["M","M","M","?","M","R","?","E","T","R","M","?","$","M","R","B",null,"M","M","M","$","M","R","?"],"character_chosen":"IRONCLAD","items_purchased":["Apotheosis","Bag of Marbles"],"gold_per_floor":[16,28,46,121,132,132,132,165,165,165,188,188,2,22,22,153,153,174,192,205,51,66,66,66],"floor_reached":25,"campfire_rested":3,"playtime":1557,"current_hp_per_floor":[77,73,78,67,53,77,74,47,47,69,58,74,74,73,73,34,64,47,59,61,61,52,74,74],"items_purged":[],"gold":66,"score":256,"play_id":"4fd70c6f-17f3-49ed-a5a0-0db5da9ac6a6","is_prod":false,"is_daily":false,"is_ascension_mode":true,"campfire_upgraded":1,"path_taken":["M","M","M","?","M","R","?","E","T","R","?","?","$","M","R","BOSS","M","M","M","$","M","R","?","E"],"build_version":"2018-02-15-PROD1","purchased_purges":2,"victory":false,"master_deck":["Strike_R","Strike_R","Strike_R","Defend_R","Defend_R","Defend_R","Defend_R","Bash","Dual Wield","Carnage","Flex","Offering","Metallicize","Thunderclap","Apotheosis+1","Pommel Strike","Reaper","Intimidate","True Grit+1","Spot Weakness+1"],"max_hp_per_floor":[80,80,80,80,80,80,74,74,74,74,74,74,74,74,74,74,74,74,74,74,74,74,74,74],"relics":["Black Blood","Golden Idol","Bottled Flame","Blood Vial","Bag of Marbles"],"card_choices":[{"not_picked":["Rupture","Blood for Blood"],"picked":"Flex"},{"not_picked":["Flex","True Grit"],"picked":"Offering"},{"not_picked":["Entrench","Intimidate"],"picked":"Metallicize"},{"not_picked":["Twin Strike","Cleave"],"picked":"Thunderclap"},{"not_picked":["Wild Strike","Twin Strike"],"picked":"Pommel Strike"},{"not_picked":["Brutality","Limit Break"],"picked":"Reaper"},{"not_picked":["Twin Strike","Body Slam"],"picked":"Intimidate"},{"not_picked":["Bloodletting","Warcry"],"picked":"True Grit"},{"not_picked":["Power Through","Carnage"],"picked":"Spot Weakness"}],"player_experience":208811,"potions_floor_usage":[],"damage_taken":[{"damage":9.0,"enemies":"Jaw Worm","floor":1.0,"turns":3.0},{"damage":10.0,"enemies":"Small Slimes","floor":2.0,"turns":3.0},{"damage":1.0,"enemies":"Cultist","floor":3.0,"turns":3.0},{"damage":20.0,"enemies":"Exordium Wildlife","floor":5.0,"turns":4.0},{"damage":33.0,"enemies":"3 Sentries","floor":8.0,"turns":9.0},{"damage":19.0,"enemies":"Large Slime","floor":11.0,"turns":4.0},{"damage":7.0,"enemies":"Gremlin Gang","floor":14.0,"turns":5.0},{"damage":46.0,"enemies":"Slime Boss","floor":16.0,"turns":11.0},{"damage":29.0,"enemies":"Spheric Guardian","floor":18.0,"turns":5.0},{"damage":27.0,"enemies":"3 Byrds","floor":19.0,"turns":5.0},{"damage":25.0,"enemies":"Centurion and Healer","floor":20.0,"turns":10.0},{"damage":30,"enemies":"3 Cultists","floor":22,"turns":6},{"damage":99,"enemies":"Gremlin Leader","floor":25,"turns":7}],"event_choices":[{"event_name":"World of Goop","player_choice":"Gather Gold","floor":4.0,"damage_taken":0.0},{"event_name":"Golden Idol","player_choice":"Lose Max HP","floor":7.0,"damage_taken":0.0},{"event_name":"Wheel of Change","player_choice":"Full Heal","floor":12.0,"damage_taken":0.0},{"event_name":"Addict","player_choice":"Ignored","floor":24,"damage_taken":0}],"boss_relics":[],"potions_floor_spawned":[1,2,14,18,22],"seed_played":"4467734964117689657","killed_by":"Gremlin Leader","ascension_level":5,"is_trial":false}