{"path_per_floor":["M","M","M","M","M","E","R","?","T","M","M","R","E","M","R","B",null,"M","$","?","M","?","R","E","R","T","T","M","M"],"character_chosen":"IRONCLAD","items_purchased":["Vajra"],"gold_per_floor":[109,121,138,151,168,193,193,193,220,232,244,244,275,292,292,391,421,433,213,213,226,226,226,290,290,290,316,334,350],"floor_reached":30,"campfire_rested":4,"playtime":1094,"current_hp_per_floor":[80,80,80,72,61,32,32,32,32,40,30,54,36,34,58,19,85,52,52,36,32,32,59,29,56,56,56,64,34],"items_purged":["Normality"],"gold":350,"score":304,"play_id":"285967e8-248a-4dea-9f84-8fbcabb24f91","is_prod":false,"is_daily":false,"is_ascension_mode":true,"campfire_upgraded":1,"path_taken":["M","?","M","?","?","E","R","?","T","M","M","R","E","M","R","BOSS","M","$","?","M","?","R","E","R","T","?","M","?","E"],"build_version":"2018-02-15-PROD1","purchased_purges":1,"victory":false,"master_deck":["Strike_R","Strike_R","Strike_R","Strike_R","Strike_R","Defend_R","Defend_R","Defend_R","Defend_R+1","Bash","Uppercut","Disarm","Offering","Evolve+1","Wild Strike","Spot Weakness","Pummel","Limit Break","Shrug It Off","Warcry+1","Flame Barrier+1","Reaper","Metallicize"],"max_hp_per_floor":[80,80,80,80,80,80,80,80,80,80,80,80,80,80,80,80,85,85,85,90,90,90,90,90,90,90,90,90,90],"relics":["Burning Blood","NeowsBlessing","Happy Flower","Gremlin Horn","Blood Vial","Peace Pipe","Tiny House","Vajra","Tiny Chest","Mummified Hand","Bag of Marbles"],"card_choices":[{"not_picked":["Headbutt","Anger"],"picked":"Uppercut"},{"not_picked":["Perfected Strike","Wild Strike"],"picked":"Disarm"},{"not_picked":["Uppercut","Infernal Blade"],"picked":"Offering"},{"not_picked":["Metallicize","Dual Wield"],"picked":"Evolve"},{"not_picked":["Warcry","Barricade"],"picked":"Wild Strike"},{"not_picked":["Flex","Clash"],"picked":"Spot Weakness"},{"not_picked":["Dark Embrace","Anger"],"picked":"Pummel"},{"not_picked":["Reaper","Dark Embrace"],"picked":"Limit Break"},{"not_picked":["Body Slam","Wild Strike"],"picked":"Shrug It Off"},{"not_picked":["Uppercut","Thunderclap"],"picked":"Warcry"},{"not_picked":["Entrench","Pommel Strike"],"picked":"Flame Barrier"},{"not_picked":["Heavy Blade","Perfected Strike"],"picked":"Reaper"},{"not_picked":["Combust","Infernal Blade"],"picked":"Metallicize"}],"player_experience":217782,"potions_floor_usage":[6,13,16,21,21,28,29],"damage_taken":[{"damage":0,"enemies":"Cultist","floor":1,"turns":1},{"damage":0,"enemies":"Jaw Worm","floor":2,"turns":1},{"damage":0,"enemies":"Small Slimes","floor":3,"turns":1},{"damage":14,"enemies":"3 Louse","floor":4,"turns":4},{"damage":17,"enemies":"Blue Slaver","floor":5,"turns":5},{"damage":35,"enemies":"Lagavulin","floor":6,"turns":5},{"damage":0,"enemies":"Exordium Wildlife","floor":10,"turns":2},{"damage":18,"enemies":"Red Slaver","floor":11,"turns":4},{"damage":26,"enemies":"Gremlin Nob","floor":13,"turns":4},{"damage":10,"enemies":"Blue Slaver","floor":14,"turns":4},{"damage":47,"enemies":"The Guardian","floor":16,"turns":13},{"damage":39,"enemies":"2 Thieves","floor":18,"turns":5},{"damage":12,"enemies":"3 Byrds","floor":21,"turns":4},{"damage":38,"enemies":"Book of Stabbing","floor":24,"turns":7},{"damage":9,"enemies":"Snecko","floor":28,"turns":4},{"damage":38,"enemies":"Sentry and Sphere","floor":29,"turns":10},{"damage":71,"enemies":"Gremlin Leader","floor":30,"turns":6}],"event_choices":[{"event_name":"Accursed Blacksmith","player_choice":"Rummage","floor":8,"damage_taken":0},{"event_name":"Forgotten Altar","player_choice":"Shed Blood","floor":20,"damage_taken":0},{"event_name":"Drug Dealer","player_choice":"Ignored","floor":22,"damage_taken":0}],"boss_relics":[{"not_picked":["Question Card","Snecko Eye"],"picked":"Tiny House"}],"potions_floor_spawned":[1,4,10,13,16,24,28],"seed_played":"7438936180123542300","killed_by":"Gremlin Leader","ascension_level":3,"is_trial":false}