{"path_per_floor":["M","$","M","M","?","E","R","$","T","M","M","?","M","$","R","B",null,"M","$","?","M","$","R","?","R","T","R","M","E","M","$","R","B",null,"M","$","?","?","M","R","E","M","T","E","R","$","R","M","R"],"character_chosen":"IRONCLAD","items_purchased":["Flex","Limit Break","Omamori","Energy Potion","Inflame","Tiny Chest","Dual Wield","Seeing Red"],"gold_per_floor":[359,116,126,142,142,175,175,26,26,45,62,62,80,30,30,125,125,140,5,5,25,25,25,25,25,72,72,82,113,133,8,8,113,113,131,131,131,131,144,144,170,189,238,267,267,27,27,41,41],"floor_reached":50,"campfire_rested":3,"playtime":2541,"current_hp_per_floor":[77,77,68,71,76,55,55,55,55,51,56,39,50,50,75,59,85,84,84,84,65,65,65,65,65,65,65,81,69,78,78,78,91,91,91,91,80,80,67,91,61,63,63,58,58,58,58,57,86],"items_purged":["Decay","Combust","Burning Pact"],"gold":41,"score":518,"play_id":"e02db7d8-7090-454d-8606-a5b3b4935787","is_prod":false,"is_daily":false,"is_ascension_mode":false,"campfire_upgraded":7,"path_taken":["M","$","M","M","?","E","R","?","T","M","M","?","M","$","R","BOSS","M","$","?","M","$","R","?","R","T","R","?","E","M","$","R","BOSS","M","?","?","?","M","R","E","?","T","E","R","?","R","M","R","BOSS"],"build_version":"2018-02-22-PROD2","purchased_purges":3,"victory":false,"master_deck":["Bash+1","Flex+1","Limit Break+1","Infernal Blade+1","Reaper+1","Pommel Strike+1","Inflame","Limit Break+1","Metallicize+1","Thunderclap","Clothesline","Havoc+1","Headbutt","Wild Strike","Inflame+1","Whirlwind","Whirlwind+1","Demon Form+1","Metallicize","Offering","Warcry+1","Madness","Madness","Warcry+1","Power Through+1","Headbutt+1","Armaments+1","Dual Wield+1","Seeing Red","Heavy Blade+1"],"max_hp_per_floor":[80,80,80,80,85,85,85,85,85,85,85,85,85,85,85,85,85,85,85,85,85,85,85,85,85,85,85,88,88,91,91,91,91,91,91,91,91,91,91,91,91,91,91,98,98,98,98,98,98],"relics":["Burning Blood","Orichalcum","Omamori","Whetstone","Pandora\u0027s Box","War Paint","Matryoshka","White Beast Statue","Prayer Wheel","Pen Nib","Blood Vial","Strawberry","Tiny Chest"],"card_choices":[{"not_picked":["Twin Strike","True Grit"],"picked":"Infernal Blade"},{"not_picked":["Burning Pact","Exhume"],"picked":"Reaper"},{"not_picked":["Shockwave","Warcry"],"picked":"Pommel Strike"},{"not_picked":["Pommel Strike","Fire Breathing"],"picked":"Inflame"},{"not_picked":["Feed","Bludgeon"],"picked":"Limit Break"},{"not_picked":["Reckless Charge","Iron Wave"],"picked":"Whirlwind"},{"not_picked":["Pommel Strike","Sword Boomerang"],"picked":"Demon Form"},{"not_picked":["Body Slam","Wild Strike"],"picked":"Metallicize"},{"not_picked":["Exhume","Demon Form"],"picked":"Offering"},{"not_picked":["Havoc","True Grit"],"picked":"Warcry"},{"not_picked":["Second Wind","Anger"],"picked":"Warcry"},{"not_picked":["Dual Wield","Warcry"],"picked":"Power Through"},{"not_picked":["Feel No Pain","Thunderclap"],"picked":"Headbutt"},{"not_picked":["Carnage","Fire Breathing"],"picked":"Armaments"},{"not_picked":["Berserk","Twin Strike"],"picked":"Heavy Blade"}],"player_experience":76385,"potions_floor_usage":[6,10,16,16,29,41,42,44,48,50,50],"damage_taken":[{"damage":9,"enemies":"Cultist","floor":1,"turns":4},{"damage":15,"enemies":"Small Slimes","floor":3,"turns":4},{"damage":3,"enemies":"Jaw Worm","floor":4,"turns":4},{"damage":27,"enemies":"3 Sentries","floor":6,"turns":8},{"damage":20,"enemies":"Exordium Thugs","floor":10,"turns":6},{"damage":6,"enemies":"Looter","floor":11,"turns":4},{"damage":2,"enemies":"Large Slime","floor":13,"turns":7},{"damage":40,"enemies":"Slime Boss","floor":16,"turns":8},{"damage":14,"enemies":"Shell Parasite","floor":18,"turns":5},{"damage":25,"enemies":"2 Thieves","floor":21,"turns":4},{"damage":0,"enemies":"Chosen and Byrds","floor":28,"turns":4},{"damage":48,"enemies":"Slavers","floor":29,"turns":4},{"damage":0,"enemies":"3 Cultists","floor":30,"turns":2},{"damage":4,"enemies":"Champ","floor":33,"turns":7},{"damage":15,"enemies":"3 Shapes","floor":35,"turns":5},{"damage":19,"enemies":"3 Darklings","floor":39,"turns":4},{"damage":49,"enemies":"2 Orb Walkers","floor":41,"turns":3},{"damage":4,"enemies":"4 Shapes","floor":42,"turns":1},{"damage":46,"enemies":"Nemesis","floor":44,"turns":9},{"damage":45,"enemies":"Maw","floor":48,"turns":5},{"damage":111,"enemies":"Awakened One","floor":50,"turns":6}],"event_choices":[{"event_name":"Big Fish","player_choice":"Donut","floor":5,"damage_taken":0},{"event_name":"Shining Light","player_choice":"Entered Light","floor":12,"damage_taken":0},{"event_name":"The Library","player_choice":"Read","floor":20,"damage_taken":0},{"event_name":"Drug Dealer","player_choice":"Ignored","floor":24,"damage_taken":0},{"event_name":"Winding Halls","player_choice":"Embrace Madness","floor":37,"damage_taken":0}],"boss_relics":[{"not_picked":["Ectoplasm","Cursed Key"],"picked":"Pandora\u0027s Box"},{"not_picked":["Snecko Eye","Runic Dome"],"picked":"White Beast Statue"}],"potions_floor_spawned":[1,3,6,10,21,35,39,41,42,44,48],"seed_played":"8320186102457498105","killed_by":"Awakened One","ascension_level":0,"is_trial":false}