{"path_per_floor":["M","?","?","?","M","$","?","R","T","M","R","M","R","E","R","B",null,"M","?","?","$","M","R","?","R","T","M"],"character_chosen":"IRONCLAD","items_purchased":["True Grit","Lee\u0027s Waffle"],"gold_per_floor":[115,190,190,140,156,57,57,57,125,138,138,149,149,180,180,284,284,274,274,274,77,94,94,94,94,150,170],"floor_reached":28,"campfire_rested":0,"playtime":660,"current_hp_per_floor":[80,69,69,69,73,73,73,73,73,79,79,79,79,79,79,29,67,50,50,35,92,57,57,57,57,57,41],"items_purged":["Defend_R"],"gold":170,"score":268,"play_id":"6d9593da-ef43-486b-80a8-5471b17c07a8","is_prod":false,"is_daily":false,"is_ascension_mode":true,"campfire_upgraded":6,"path_taken":["M","?","?","?","?","$","?","R","T","M","R","M","R","E","R","BOSS","M","?","?","$","M","R","?","R","T","M","?"],"build_version":"2018-02-15-PROD1","purchased_purges":1,"victory":false,"master_deck":["Strike_R","Strike_R","Defend_R","Defend_R","Defend_R","Bash","Flex","Whirlwind+1","Clash","True Grit+1","Sever Soul+1","Armaments+1","Inflame+1","Limit Break+1","Parasite","Pain","Writhe","Dual Wield+1"],"max_hp_per_floor":[80,80,80,80,80,80,80,80,80,80,80,80,80,80,80,80,80,80,80,85,92,92,92,92,92,92,92],"relics":["Burning Blood","Centennial Puzzle","Dodecahedron","Dream Catcher","Bag of Preparation","Champion Belt","Nloth\u0027s Gift","Lee\u0027s Waffle","Tiny Chest"],"card_choices":[{"not_picked":["Rage","Clothesline"],"picked":"Flex"},{"not_picked":["Second Wind","Combust"],"picked":"Clash"},{"not_picked":["Burning Pact","True Grit"],"picked":"Sever Soul"},{"not_picked":["Anger","Cleave"],"picked":"Armaments"},{"not_picked":["Metallicize","Searing Blow"],"picked":"Inflame"},{"not_picked":["Double Tap","Feed"],"picked":"Limit Break"},{"not_picked":["Heavy Blade","Bludgeon"],"picked":"Dual Wield"}],"player_experience":247460,"potions_floor_usage":[14,14,16,27,28],"damage_taken":[{"damage":5,"enemies":"Small Slimes","floor":1,"turns":5},{"damage":2,"enemies":"Jaw Worm","floor":5,"turns":3},{"damage":0,"enemies":"2 Louse","floor":10,"turns":1},{"damage":6,"enemies":"Looter","floor":12,"turns":2},{"damage":6,"enemies":"Lagavulin","floor":14,"turns":4},{"damage":56,"enemies":"Hexaghost","floor":16,"turns":8},{"damage":23,"enemies":"2 Thieves","floor":18,"turns":4},{"damage":41,"enemies":"Shell Parasite","floor":22,"turns":5},{"damage":22,"enemies":"Snake Plant","floor":27,"turns":4},{"damage":44,"enemies":"Chosen and Byrds","floor":28,"turns":4}],"event_choices":[{"event_name":"World of Goop","player_choice":"Gather Gold","floor":2,"damage_taken":0},{"event_name":"Living Wall","player_choice":"Change","floor":3,"damage_taken":0},{"event_name":"The Cleric","player_choice":"Card Removal","floor":4,"damage_taken":0},{"event_name":"Purifier","player_choice":"One Purge","floor":7,"damage_taken":0},{"event_name":"N\u0027loth","player_choice":"Traded a Calling Bell","floor":19,"damage_taken":0},{"event_name":"Forgotten Altar","player_choice":"Shed Blood","floor":20,"damage_taken":0},{"event_name":"Drug Dealer","player_choice":"Ignored","floor":24,"damage_taken":0}],"boss_relics":[{"not_picked":["Orrery","Tiny House"],"picked":"Calling Bell"}],"potions_floor_spawned":[5,10,14,22,27],"seed_played":"9089645846698345685","killed_by":"Chosen and Byrds","ascension_level":5,"is_trial":false}