{"path_per_floor":["M","?","?","M","M","E","M","$","T","M","R","?","E","T","R","B",null,"M","?","M","?","?","E","?","M","T","M","E","R","?","M","R","B",null,"M","?","M","$","M","R","M","E","T","?","R","?","M","E","R","B"],"character_chosen":"IRONCLAD","items_purchased":["Toxic Egg 2"],"gold_per_floor":[211,211,211,222,232,267,278,33,33,52,52,2,31,31,31,131,131,148,63,82,182,182,216,141,154,154,170,195,195,195,209,209,308,308,326,326,344,269,289,289,300,327,327,327,327,327,344,374,374,374],"floor_reached":51,"campfire_rested":2,"playtime":2620,"current_hp_per_floor":[80,64,64,70,73,60,49,49,49,49,73,73,69,69,69,54,80,78,78,80,80,80,71,71,63,63,56,62,62,47,55,85,33,89,93,81,75,75,62,62,70,93,93,93,93,93,115,96,96,64],"items_purged":["Defend_R"],"gold":374,"score":655,"play_id":"dc1977b8-d561-4796-b5ef-fb379972fd36","is_prod":false,"is_daily":false,"is_ascension_mode":false,"campfire_upgraded":5,"path_taken":["M","?","?","?","M","E","M","$","T","M","R","?","E","?","R","BOSS","M","?","M","?","?","E","?","M","T","M","E","R","?","M","R","BOSS","M","?","M","$","M","R","M","E","T","?","R","?","M","E","R","BOSS"],"build_version":"2018-02-22-PROD2","purchased_purges":1,"victory":true,"master_deck":["Strike_R","Strike_R","Defend_R","Defend_R+1","Defend_R+1","Bash+1","Flex+1","Twin Strike","Pommel Strike+1","Inflame+1","Twin Strike","Bludgeon","Headbutt+1","Perfected Strike+1","Flex+1","Flex+1","Feed+1","Reaper+1","Inflame+1","Madness+1","Madness+1","Whirlwind+1","Heavy Blade+1","Metallicize+1","Warcry+1"],"max_hp_per_floor":[80,80,80,80,80,80,80,80,80,80,80,80,80,80,80,80,80,80,80,80,80,80,80,80,80,80,80,80,80,85,85,85,89,89,93,93,93,93,97,97,97,115,115,115,115,115,115,115,115,115],"relics":["Burning Blood","Matryoshka","Toxic Egg 2","Lantern","Juzu Bracelet","Meat on the Bone","Anchor","Bird Faced Urn","Velvet Choker","Molten Egg 2","Regal Pillow","Sundial","Gambling Chip","Black Star","Mango","Calipers","Charon\u0027s Ashes","Thread and Needle","Frozen Eye"],"card_choices":[{"not_picked":["Wild Strike","Cleave"],"picked":"Flex"},{"not_picked":["Hemokinesis","Bloodletting"],"picked":"Twin Strike"},{"not_picked":["Spot Weakness","Clothesline"],"picked":"Pommel Strike"},{"not_picked":["Pommel Strike","Impervious"],"picked":"Inflame"},{"not_picked":["Evolve","Bloodletting"],"picked":"Twin Strike"},{"not_picked":["Immolate","Brutality"],"picked":"Bludgeon"},{"not_picked":["Sentinel","Perfected Strike"],"picked":"Headbutt"},{"not_picked":["Carnage","Infernal Blade"],"picked":"Perfected Strike"},{"not_picked":["Pommel Strike","Heavy Blade"],"picked":"Flex"},{"not_picked":["Pummel","Ghostly Armor"],"picked":"Flex"},{"not_picked":["Heavy Blade","Rupture"],"picked":"Feed"},{"not_picked":["Exhume","Berserk"],"picked":"Reaper"},{"not_picked":["Sword Boomerang","Clash"],"picked":"Inflame"},{"not_picked":["Armaments","Body Slam"],"picked":"Whirlwind"},{"not_picked":["Wild Strike","Thunderclap"],"picked":"Heavy Blade"},{"not_picked":["Havoc","Fire Breathing"],"picked":"Metallicize"},{"not_picked":["Barricade","Havoc"],"picked":"Warcry"}],"player_experience":87385,"potions_floor_usage":[6,13,23,28,33,33,37,42,47,50,50],"damage_taken":[{"damage":6,"enemies":"Jaw Worm","floor":1,"turns":5},{"damage":0,"enemies":"Small Slimes","floor":4,"turns":3},{"damage":3,"enemies":"2 Louse","floor":5,"turns":3},{"damage":19,"enemies":"Gremlin Nob","floor":6,"turns":4},{"damage":17,"enemies":"Exordium Thugs","floor":7,"turns":4},{"damage":6,"enemies":"3 Louse","floor":10,"turns":4},{"damage":10,"enemies":"Lagavulin","floor":13,"turns":5},{"damage":35,"enemies":"Slime Boss","floor":16,"turns":5},{"damage":10,"enemies":"2 Thieves","floor":18,"turns":3},{"damage":0,"enemies":"Shell Parasite","floor":20,"turns":3},{"damage":15,"enemies":"Book of Stabbing","floor":23,"turns":4},{"damage":16,"enemies":"Chosen and Byrds","floor":25,"turns":5},{"damage":17,"enemies":"Slaver and Parasite","floor":27,"turns":4},{"damage":11,"enemies":"Slavers","floor":28,"turns":4},{"damage":0,"enemies":"Cultist and Chosen","floor":31,"turns":3},{"damage":74,"enemies":"Champ","floor":33,"turns":8},{"damage":5,"enemies":"Orb Walker","floor":35,"turns":2},{"damage":18,"enemies":"3 Darklings","floor":37,"turns":6},{"damage":47,"enemies":"Maw","floor":39,"turns":6},{"damage":0,"enemies":"Sphere and 2 Shapes","floor":41,"turns":1},{"damage":37,"enemies":"Giant Head","floor":42,"turns":6},{"damage":6,"enemies":"3 Darklings","floor":47,"turns":3},{"damage":38,"enemies":"2 Orb Walkers","floor":48,"turns":4},{"damage":82,"enemies":"Time Eater","floor":50,"turns":9}],"event_choices":[{"event_name":"Shining Light","player_choice":"Entered Light","floor":2,"damage_taken":0},{"event_name":"Purifier","player_choice":"One Purge","floor":3,"damage_taken":0},{"event_name":"The Cleric","player_choice":"Card Removal","floor":12,"damage_taken":0},{"event_name":"Addict","player_choice":"Obtained Relic","floor":19,"damage_taken":0},{"event_name":"Golden Shrine","player_choice":"Pray","floor":21,"damage_taken":0},{"event_name":"The Library","player_choice":"Read","floor":22,"damage_taken":0},{"event_name":"Beggar","player_choice":"Gave Gold","floor":24,"damage_taken":0},{"event_name":"Forgotten Altar","player_choice":"Shed Blood","floor":30,"damage_taken":0},{"event_name":"Winding Halls","player_choice":"Embrace Madness","floor":36,"damage_taken":0},{"event_name":"The Lab","player_choice":"Got Potions","floor":44,"damage_taken":0}],"boss_relics":[{"not_picked":["White Beast Statue","Ectoplasm"],"picked":"Velvet Choker"},{"not_picked":["Pandora\u0027s Box","Sozu"],"picked":"Black Star"}],"potions_floor_spawned":[1,7,16,23,25,27,35,39,42],"seed_played":"3434168495895030069","ascension_level":0,"is_trial":false}