{"path_per_floor":["M","M","$","M","?","R","E","M","T","R","M","R","$","?","R","B",null,"M","?","M","M","$","R","E","R","T","?","?","E","R"],"character_chosen":"IRONCLAD","items_purchased":["Perfected Strike","Battle Trance"],"gold_per_floor":[15,26,26,44,44,44,75,92,92,92,109,109,16,81,81,186,186,204,119,135,145,70,70,96,96,146,71,71,105,105],"floor_reached":31,"campfire_rested":0,"playtime":672,"current_hp_per_floor":[74,80,80,76,76,76,61,45,45,45,46,46,46,52,52,54,87,87,87,82,87,87,87,57,57,57,57,57,51,51],"items_purged":["Defend_R"],"gold":105,"score":271,"play_id":"2388036b-60f5-4a22-8c67-783d1b4182c4","is_prod":false,"is_daily":false,"is_ascension_mode":false,"campfire_upgraded":7,"path_taken":["M","M","$","M","?","R","E","M","T","R","M","R","$","?","R","BOSS","M","?","M","M","$","R","E","R","T","?","?","E","R","M"],"build_version":"2018-02-22-PROD2","purchased_purges":2,"victory":false,"master_deck":["Strike_R+1","Strike_R+1","Strike_R+1","Strike_R+1","Strike_R+1","Bash+1","Fiend Fire+1","Perfected Strike+1","Battle Trance+1"],"max_hp_per_floor":[80,80,80,80,80,80,87,87,87,87,87,87,87,87,87,87,87,87,87,87,87,87,87,87,87,87,87,87,87,87],"relics":["Burning Blood","Strawberry","Thread and Needle","Whetstone","Sozu","Unceasing Top","Ornamental Fan","Anchor","Smiling Mask"],"card_choices":[{"not_picked":["Immolate","Impervious"],"picked":"Fiend Fire"}],"player_experience":396471,"potions_floor_usage":[14,24],"damage_taken":[{"damage":12,"enemies":"Small Slimes","floor":1,"turns":3},{"damage":0,"enemies":"2 Louse","floor":2,"turns":2},{"damage":10,"enemies":"Jaw Worm","floor":4,"turns":4},{"damage":28,"enemies":"Gremlin Nob","floor":7,"turns":4},{"damage":22,"enemies":"Gremlin Gang","floor":8,"turns":4},{"damage":5,"enemies":"Looter","floor":11,"turns":2},{"damage":0,"enemies":"Gremlin Nob","floor":14,"turns":2},{"damage":4,"enemies":"Slime Boss","floor":16,"turns":7},{"damage":5,"enemies":"Shell Parasite","floor":18,"turns":2},{"damage":11,"enemies":"2 Thieves","floor":20,"turns":3},{"damage":0,"enemies":"Snake Plant","floor":21,"turns":1},{"damage":36,"enemies":"Slavers","floor":24,"turns":6},{"damage":12,"enemies":"Gremlin Leader","floor":29,"turns":4},{"damage":55,"enemies":"Slaver and Parasite","floor":31,"turns":5}],"event_choices":[{"event_name":"Living Wall","player_choice":"Forget","floor":5,"damage_taken":0},{"event_name":"Dead Adventurer","player_choice":"Searched \u00271\u0027 times","floor":14,"damage_taken":0},{"event_name":"Addict","player_choice":"Obtained Relic","floor":19,"damage_taken":0},{"event_name":"Beggar","player_choice":"Gave Gold","floor":27,"damage_taken":0},{"event_name":"Purifier","player_choice":"One Purge","floor":28,"damage_taken":0}],"boss_relics":[{"not_picked":["Ectoplasm","Velvet Choker"],"picked":"Sozu"}],"potions_floor_spawned":[4,14,16,21,29],"seed_played":"-4017472898857744837","killed_by":"Slaver and Parasite","ascension_level":0,"is_trial":false}