{"path_per_floor":["M","M","?","M","$","R","?","R","T","E","M","R","E","M","R","B",null,"M","$","?","?","?","R","M","M","T","R","M","R","T","M","R","B"],"character_chosen":"IRONCLAD","items_purchased":["Feel No Pain"],"gold_per_floor":[99,99,99,99,30,30,30,30,30,30,30,30,30,30,30,30,30,30,30,30,30,30,30,30,30,30,30,30,30,30,30,30,30],"floor_reached":34,"campfire_rested":1,"playtime":1037,"current_hp_per_floor":[77,71,64,64,64,64,64,64,64,54,40,40,22,18,18,7,80,68,68,52,52,52,52,52,53,53,53,48,48,48,41,65,37],"items_purged":[],"gold":30,"score":335,"play_id":"4b16003b-081b-4c8a-bc62-82c2f3b77329","is_prod":false,"is_daily":false,"is_ascension_mode":false,"campfire_upgraded":7,"path_taken":["M","M","?","M","$","R","?","R","T","E","M","R","E","M","R","BOSS","M","$","?","?","?","R","M","M","T","R","M","R","?","M","R","BOSS"],"build_version":"2018-02-22-PROD2","purchased_purges":0,"victory":false,"master_deck":["Strike_R","Strike_R","Strike_R","Strike_R","Defend_R","Defend_R","Defend_R","Bash+1","Heavy Blade+1","True Grit+1","Feel No Pain+1","Entrench+1","Pommel Strike","Demon Form+1","Pommel Strike+1","Seeing Red+1","Power Through+1","Barricade"],"max_hp_per_floor":[80,80,80,80,80,80,80,80,80,80,80,80,80,80,80,80,80,80,80,80,80,80,80,80,80,80,80,80,80,80,82,82,82],"relics":["Ectoplasm","Oddly Smooth Stone","Bird Faced Urn","Kunai","Orichalcum","Mark of Pain","Enchiridion","Singing Bowl","Matryoshka","Philosopher\u0027s Stone"],"card_choices":[{"not_picked":["Shrug It Off","Rupture"],"picked":"Heavy Blade"},{"not_picked":["Rupture","Clothesline"],"picked":"True Grit"},{"not_picked":["Wild Strike","Anger"],"picked":"Entrench"},{"not_picked":["Seeing Red","Exhume"],"picked":"Pommel Strike"},{"not_picked":["Double Tap","Reaper"],"picked":"Demon Form"},{"not_picked":["Flex","Blood for Blood"],"picked":"Pommel Strike"},{"not_picked":["Pommel Strike","Ghostly Armor"],"picked":"Seeing Red"},{"not_picked":["Twin Strike","Fire Breathing"],"picked":"Power Through"},{"not_picked":["Brutality","Exhume"],"picked":"Barricade"}],"player_experience":457075,"potions_floor_usage":[31],"damage_taken":[{"damage":3,"enemies":"2 Louse","floor":1,"turns":3},{"damage":6,"enemies":"Jaw Worm","floor":2,"turns":3},{"damage":0,"enemies":"Cultist","floor":4,"turns":2},{"damage":12,"enemies":"3 Sentries","floor":10,"turns":9},{"damage":16,"enemies":"Large Slime","floor":11,"turns":5},{"damage":20,"enemies":"Lagavulin","floor":13,"turns":6},{"damage":6,"enemies":"2 Fungi Beasts","floor":14,"turns":3},{"damage":13,"enemies":"Slime Boss","floor":16,"turns":9},{"damage":14,"enemies":"Spheric Guardian","floor":18,"turns":4},{"damage":6,"enemies":"Shell Parasite","floor":24,"turns":4},{"damage":5,"enemies":"Chosen and Byrds","floor":25,"turns":6},{"damage":11,"enemies":"Sentry and Sphere","floor":28,"turns":7},{"damage":15,"enemies":"Snake Plant","floor":31,"turns":3},{"damage":34,"enemies":"Automaton","floor":33,"turns":8}],"event_choices":[{"event_name":"Golden Wing","player_choice":"Card Removal","floor":3,"damage_taken":0},{"event_name":"Wheel of Change","player_choice":"Relic","floor":7,"damage_taken":0},{"event_name":"Cursed Tome","player_choice":"Obtained Book","floor":20,"damage_taken":0},{"event_name":"Addict","player_choice":"Ignored","floor":21,"damage_taken":0},{"event_name":"Purifier","player_choice":"One Purge","floor":22,"damage_taken":0}],"boss_relics":[{"not_picked":["Snecko Eye","White Beast Statue"],"picked":"Mark of Pain"},{"not_picked":["Runic Cube","Runic Dome"],"picked":"Philosopher\u0027s Stone"}],"potions_floor_spawned":[4,10,13,14,16,28,31],"seed_played":"-2321113474389974241","ascension_level":0,"is_trial":false}