{"path_per_floor":["M","?","M","M","?","R","E","R","T","E","$","M","R","M","R","B",null,"M","M","$","M","?","R","?","R","T","M","M","$","M","$","R"],"character_chosen":"IRONCLAD","items_purchased":["Lantern","Regen Potion","Shockwave","Shrug It Off","Block Potion"],"gold_per_floor":[113,63,75,89,59,59,94,94,118,143,22,39,39,52,52,153,153,172,191,29,43,43,43,43,43,43,59,79,19,37,37,37],"floor_reached":33,"campfire_rested":2,"playtime":1289,"current_hp_per_floor":[78,78,80,80,80,80,70,70,70,62,62,66,66,61,87,60,80,68,57,57,68,68,68,68,68,68,63,39,39,26,26,52],"items_purged":["Strike_R"],"gold":37,"score":360,"play_id":"63ef83b8-582b-4dfa-ae10-6fa68d622c58","is_prod":false,"is_daily":false,"is_ascension_mode":true,"campfire_upgraded":5,"path_taken":["M","?","?","M","?","R","E","R","T","E","$","M","R","M","R","BOSS","M","M","$","M","?","R","?","R","T","M","?","?","M","?","R","BOSS"],"build_version":"2018-02-22-PROD2","purchased_purges":1,"victory":false,"master_deck":["Strike_R","Strike_R","Strike_R","Defend_R","Defend_R","Defend_R","Defend_R","Bash","Uppercut+1","Sever Soul","Offering+1","Ghostly Armor+1","Disarm","Pommel Strike+1","Dual Wield","Juggernaut","Iron Wave","Shockwave+1","Burning Pact","Writhe","Shockwave+1","Shrug It Off"],"max_hp_per_floor":[80,80,80,80,80,80,80,80,80,87,87,87,87,87,87,87,87,87,87,87,87,87,87,87,87,87,87,87,87,87,87,87],"relics":["Burning Blood","NeowsBlessing","The Courier","Dream Catcher","Strawberry","Lantern","Mark of Pain","Omamori","Red Skull"],"card_choices":[{"not_picked":["Shrug It Off","Armaments"],"picked":"Uppercut"},{"not_picked":["Bloodletting","Twin Strike"],"picked":"Sever Soul"},{"not_picked":["Second Wind","Battle Trance"],"picked":"Offering"},{"not_picked":["Clothesline","Pummel"],"picked":"Ghostly Armor"},{"not_picked":["Thunderclap","Anger"],"picked":"Disarm"},{"not_picked":["Armaments","True Grit"],"picked":"Pommel Strike"},{"not_picked":["Perfected Strike","Warcry"],"picked":"Dual Wield"},{"not_picked":["Barricade","Fiend Fire"],"picked":"Juggernaut"},{"not_picked":["Reckless Charge","Pommel Strike"],"picked":"Iron Wave"},{"not_picked":["Sword Boomerang","Cleave"],"picked":"Burning Pact"},{"not_picked":["Headbutt","Twin Strike"],"picked":"Shockwave"}],"player_experience":281087,"potions_floor_usage":[7,7,19,21,27,30,33,33],"damage_taken":[{"damage":0,"enemies":"Small Slimes","floor":1,"turns":1},{"damage":0,"enemies":"Jaw Worm","floor":3,"turns":1},{"damage":0,"enemies":"Cultist","floor":4,"turns":1},{"damage":16,"enemies":"Gremlin Nob","floor":7,"turns":3},{"damage":21,"enemies":"3 Sentries","floor":10,"turns":9},{"damage":2,"enemies":"3 Louse","floor":12,"turns":4},{"damage":11,"enemies":"Exordium Thugs","floor":14,"turns":5},{"damage":33,"enemies":"The Guardian","floor":16,"turns":13},{"damage":18,"enemies":"3 Byrds","floor":18,"turns":9},{"damage":17,"enemies":"Spheric Guardian","floor":19,"turns":4},{"damage":10,"enemies":"Centurion and Healer","floor":21,"turns":7},{"damage":11,"enemies":"Snake Plant","floor":27,"turns":6},{"damage":30,"enemies":"3 Cultists","floor":28,"turns":7},{"damage":19,"enemies":"Chosen and Byrds","floor":30,"turns":6},{"damage":60,"enemies":"Automaton","floor":33,"turns":12}],"event_choices":[{"event_name":"The Cleric","player_choice":"Card Removal","floor":2,"damage_taken":0},{"event_name":"The Woman in Blue","player_choice":"Bought 2 Potions","floor":5,"damage_taken":0},{"event_name":"The Mausoleum","player_choice":"Yes","floor":22,"damage_taken":0},{"event_name":"Forgotten Altar","player_choice":"Smashed Altar","floor":24,"damage_taken":0}],"boss_relics":[{"not_picked":["Sozu","Astrolabe"],"picked":"Mark of Pain"}],"potions_floor_spawned":[1,7,14,27,28,30],"seed_played":"8718919843410933675","killed_by":"Automaton","ascension_level":8,"is_trial":false}