{"path_per_floor":["M","?","M","M","M","R","E","?","T","$","E","$","M","E","R","B",null,"M","$","M","M","M","R","?","R","T","R","?","M","R","E","R","B",null,"M","M","M","?","$","R"],"character_chosen":"IRONCLAD","items_purchased":["Peace Pipe","Dropkick"],"gold_per_floor":[363,363,379,389,408,408,440,440,465,390,416,316,330,360,360,462,462,475,62,73,89,105,105,105,105,132,132,132,146,146,175,175,271,271,281,295,307,307,87,87],"floor_reached":41,"campfire_rested":0,"playtime":1207,"current_hp_per_floor":[71,71,71,70,60,60,55,55,55,55,53,53,59,48,48,28,79,77,77,75,58,51,51,51,51,51,51,51,54,54,48,48,52,79,79,51,30,30,30,30],"items_purged":["Defend_R","Strike_R","Body Slam","Clash"],"gold":87,"score":381,"play_id":"31e2e340-dd4c-456f-9681-196488e7e5fa","is_prod":false,"is_daily":false,"is_ascension_mode":false,"campfire_upgraded":5,"path_taken":["M","?","M","?","M","R","E","?","T","$","E","$","M","E","R","BOSS","M","$","M","M","M","R","?","R","T","R","?","?","R","E","R","BOSS","M","M","M","?","$","R","E"],"build_version":"2018-02-22-PROD2","purchased_purges":4,"victory":false,"master_deck":["Whirlwind+1","Inflame","Thunderclap","Bloodletting+1","Impervious","Dropkick"],"max_hp_per_floor":[72,72,72,72,72,72,72,72,72,72,72,72,72,79,79,79,79,79,79,79,79,79,79,79,79,79,79,79,79,79,79,79,79,79,79,79,79,79,79,79],"relics":["Burning Blood","Pantograph","Bag of Marbles","Meat on the Bone","Strawberry","Pandora\u0027s Box","Peace Pipe","Vajra","Art of War","Mark of Pain"],"card_choices":[{"not_picked":["Second Wind","Ghostly Armor"],"picked":"Whirlwind"},{"not_picked":["Iron Wave","Clothesline"],"picked":"Inflame"},{"not_picked":["Feed","Fiend Fire"],"picked":"Impervious"}],"player_experience":434730,"potions_floor_usage":[7,7,14,31,37],"damage_taken":[{"damage":7,"enemies":"2 Louse","floor":1,"turns":3},{"damage":6,"enemies":"Cultist","floor":3,"turns":3},{"damage":7,"enemies":"Small Slimes","floor":4,"turns":4},{"damage":16,"enemies":"Blue Slaver","floor":5,"turns":4},{"damage":20,"enemies":"Gremlin Nob","floor":7,"turns":4},{"damage":8,"enemies":"3 Sentries","floor":11,"turns":3},{"damage":0,"enemies":"2 Fungi Beasts","floor":13,"turns":2},{"damage":36,"enemies":"Lagavulin","floor":14,"turns":6},{"damage":63,"enemies":"The Guardian","floor":16,"turns":12},{"damage":8,"enemies":"3 Byrds","floor":18,"turns":3},{"damage":8,"enemies":"Spheric Guardian","floor":20,"turns":3},{"damage":23,"enemies":"Centurion and Healer","floor":21,"turns":4},{"damage":25,"enemies":"Snecko","floor":22,"turns":4},{"damage":3,"enemies":"Cultist and Chosen","floor":29,"turns":2},{"damage":24,"enemies":"Gremlin Leader","floor":31,"turns":2},{"damage":27,"enemies":"Collector","floor":33,"turns":3},{"damage":3,"enemies":"3 Darklings","floor":35,"turns":2},{"damage":34,"enemies":"3 Shapes","floor":36,"turns":4},{"damage":39,"enemies":"Sphere and 2 Shapes","floor":37,"turns":4},{"damage":38,"enemies":"2 Orb Walkers","floor":41,"turns":2}],"event_choices":[{"event_name":"The Lab","player_choice":"Got Potions","floor":2,"damage_taken":0},{"event_name":"Liars Game","player_choice":"disagreed","floor":8,"damage_taken":0},{"event_name":"Vampires","player_choice":"Ignored","floor":24,"damage_taken":0},{"event_name":"Back to Basics","player_choice":"Elegance","floor":28,"damage_taken":0},{"event_name":"Mysterious Sphere","player_choice":"Ignore","floor":38,"damage_taken":0}],"boss_relics":[{"not_picked":["Question Card","Orrery"],"picked":"Pandora\u0027s Box"},{"not_picked":["Calling Bell","Black Star"],"picked":"Mark of Pain"}],"potions_floor_spawned":[1,5,7,16,22,29,31,33,35],"seed_played":"-783871195584485580","killed_by":"2 Orb Walkers","ascension_level":0,"is_trial":false}