{"path_per_floor":["M","?","?","?","M","E","M","E","T","M","$","M","R","M","R","B",null,"M","?","?","M","$","E","M","R","T","M","$","T","M","E","R","B",null,"M","M","?","M","?","R","M","R","T","$","T","$","E","M","R","B"],"character_chosen":"IRONCLAD","items_purchased":["Shuriken","Weak Potion","Uppercut","Bandage Up","Omamori"],"gold_per_floor":[119,119,119,119,132,175,190,225,300,320,21,44,44,65,65,190,190,211,211,211,224,19,52,64,64,64,76,76,103,121,155,155,251,251,263,280,280,300,300,300,316,316,316,70,96,96,121,138,138,138],"floor_reached":51,"campfire_rested":1,"playtime":4065,"current_hp_per_floor":[80,73,65,45,45,43,49,24,24,28,28,34,58,63,63,63,80,68,68,68,53,53,87,83,83,83,87,87,87,87,87,87,26,87,87,87,87,59,59,59,58,58,58,58,63,63,87,87,87,63],"items_purged":["Uppercut","Strike_R"],"gold":138,"score":552,"play_id":"d78023c3-11f7-4a01-b63d-9c3c5cf6718a","local_time":"20180305210116","is_prod":false,"is_daily":false,"is_ascension_mode":false,"campfire_upgraded":6,"timestamp":1520301676,"path_taken":["M","?","?","?","M","E","M","E","T","M","$","M","R","M","R","BOSS","M","?","?","?","$","E","M","R","T","?","$","?","M","E","R","BOSS","M","M","?","?","?","R","?","R","T","$","?","?","E","M","R","BOSS"],"build_version":"2018-03-01-PROD1","purchased_purges":3,"victory":true,"master_deck":["Strike_R+1","Defend_R","Defend_R+1","Bash","Spot Weakness","Infernal Blade+1","Battle Trance+1","Clothesline","Twin Strike","Pommel Strike+1","Reaper+1","Offering+1","Corruption+1","Havoc+1","Writhe","Rampage","Bandage Up","Reaper+1","Uppercut+1","Uppercut+1","Barricade+1","Normality","Feed+1","Armaments+1"],"max_hp_per_floor":[80,80,80,80,80,80,80,80,80,80,80,80,80,80,80,80,80,80,80,80,80,80,87,87,87,87,87,87,87,87,87,87,87,87,87,87,87,87,87,87,87,87,87,87,87,87,87,87,87,87],"relics":["Burning Blood","Bloody Idol","War Paint","Ice Cream","Blue Candle","Shuriken","Astrolabe","Dead Branch","Strawberry","Thread and Needle","Art of War","Whetstone","White Beast Statue","Blood Vial","Calipers","Omamori","Bronze Scales","Happy Flower"],"card_choices":[{"not_picked":["Warcry","Perfected Strike"],"picked":"Spot Weakness"},{"not_picked":["Warcry","Shrug It Off"],"picked":"Infernal Blade"},{"not_picked":["Intimidate","Warcry"],"picked":"Battle Trance"},{"not_picked":["Immolate","Headbutt"],"picked":"Clothesline"},{"not_picked":["Carnage","Sever Soul"],"picked":"Twin Strike"},{"not_picked":["True Grit","Spot Weakness"],"picked":"Pommel Strike"},{"not_picked":["Bludgeon","Juggernaut"],"picked":"Reaper"},{"not_picked":["Iron Wave","Perfected Strike"],"picked":"Pommel Strike"},{"not_picked":["Warcry","Pummel"],"picked":"Rampage"},{"not_picked":["Clash","Twin Strike"],"picked":"Reaper"},{"not_picked":["Perfected Strike","Heavy Blade"],"picked":"Uppercut"},{"not_picked":["Heavy Blade","Hemokinesis"],"picked":"Uppercut"},{"not_picked":["Bludgeon","Impervious"],"picked":"Barricade"},{"not_picked":["Seeing Red","Battle Trance"],"picked":"Feed"},{"not_picked":["Clothesline","Rampage"],"picked":"Armaments"}],"player_experience":116534,"potions_floor_usage":[6,16,16,21,23,33,33,47,47,50],"damage_taken":[{"damage":2,"enemies":"2 Louse","floor":1,"turns":4},{"damage":6,"enemies":"Small Slimes","floor":5,"turns":4},{"damage":8,"enemies":"Gremlin Nob","floor":6,"turns":3},{"damage":0,"enemies":"Cultist","floor":7,"turns":2},{"damage":31,"enemies":"Lagavulin","floor":8,"turns":6},{"damage":2,"enemies":"Looter","floor":10,"turns":2},{"damage":0,"enemies":"Large Slime","floor":12,"turns":4},{"damage":1,"enemies":"2 Fungi Beasts","floor":14,"turns":2},{"damage":6,"enemies":"Slime Boss","floor":16,"turns":5},{"damage":18,"enemies":"Chosen","floor":18,"turns":4},{"damage":30,"enemies":"3 Byrds","floor":21,"turns":4},{"damage":9,"enemies":"Slavers","floor":23,"turns":3},{"damage":16,"enemies":"Snecko","floor":24,"turns":3},{"damage":5,"enemies":"3 Cultists","floor":27,"turns":3},{"damage":13,"enemies":"Chosen and Byrds","floor":30,"turns":5},{"damage":7,"enemies":"Book of Stabbing","floor":31,"turns":3},{"damage":73,"enemies":"Collector","floor":33,"turns":8},{"damage":1,"enemies":"Orb Walker","floor":35,"turns":2},{"damage":22,"enemies":"3 Darklings","floor":36,"turns":3},{"damage":43,"enemies":"4 Shapes","floor":38,"turns":3},{"damage":32,"enemies":"Sphere and 2 Shapes","floor":41,"turns":5},{"damage":22,"enemies":"2 Orb Walkers","floor":47,"turns":3},{"damage":16,"enemies":"3 Darklings","floor":48,"turns":4},{"damage":31,"enemies":"Time Eater","floor":50,"turns":8}],"event_choices":[{"event_name":"Golden Wing","player_choice":"Card Removal","floor":2,"damage_taken":0},{"event_name":"Wheel of Change","player_choice":"Damage","floor":3,"damage_taken":0},{"event_name":"Golden Idol","player_choice":"Take Damage","floor":4,"damage_taken":0},{"event_name":"Forgotten Altar","player_choice":"Gave Idol","floor":19,"damage_taken":0},{"event_name":"The Mausoleum","player_choice":"Yes","floor":20,"damage_taken":0},{"event_name":"Accursed Blacksmith","player_choice":"Rummage","floor":39,"damage_taken":0}],"boss_relics":[{"not_picked":["Mark of Pain","Black Star"],"picked":"Astrolabe"},{"not_picked":["Velvet Choker","Runic Pyramid"],"picked":"White Beast Statue"}],"potions_floor_spawned":[5,7,12,18,24,30,31,33,35,36,38,41,47,48],"seed_played":"-3961894306065720816","ascension_level":0,"is_trial":false}