{"path_per_floor":["M","T","M","?","?","E","?","E","T","M","$","T","R","$","R","B",null,"M","M","?","?","M","E","M","R","T","M","M","?","M","M","R","B",null,"M","M","$","M","M","R","?","?","T","$","?","R","?","M","R","B"],"character_chosen":"IRONCLAD","items_purchased":["Spot Weakness","Omamori","Apotheosis","Shuriken","Bottled Flame","Block Potion"],"gold_per_floor":[110,110,121,121,121,151,326,359,359,371,69,69,69,69,69,164,164,180,198,198,198,208,234,249,249,249,261,280,380,394,413,413,509,509,523,542,242,258,270,270,315,315,615,69,69,69,69,82,82,82],"floor_reached":51,"campfire_rested":0,"playtime":1974,"current_hp_per_floor":[80,80,80,80,73,79,79,79,79,80,80,80,80,80,80,55,80,80,76,76,61,52,49,82,82,82,82,81,81,81,79,79,21,85,85,76,76,69,53,53,81,81,81,81,81,81,70,73,73,76],"items_purged":["Doubt","Defend_R"],"gold":82,"score":627,"play_id":"8763815a-ecea-4a16-930a-1fd885f7f9bf","local_time":"20180304004957","is_prod":false,"is_daily":false,"is_ascension_mode":false,"campfire_upgraded":7,"timestamp":1520142597,"path_taken":["M","?","M","?","?","E","?","E","T","M","$","?","R","$","R","BOSS","M","?","?","?","M","E","M","R","T","?","?","?","M","M","R","BOSS","M","M","$","M","M","R","?","?","T","$","?","R","?","M","R","BOSS"],"build_version":"2018-03-01-PROD1","purchased_purges":2,"victory":true,"master_deck":["Strike_R","Strike_R","Strike_R","Defend_R","Defend_R","Defend_R","Bash+1","Inflame","Clothesline+1","Spot Weakness+1","Reaper","Fire Breathing+1","Infernal Blade+1","Dropkick","Reaper","Whirlwind+1","Pommel Strike+1","Limit Break+1","Flex+1","Perfected Strike+1","Apotheosis+1","Warcry+1","Battle Trance","Madness+1","Madness","Clothesline+1"],"max_hp_per_floor":[80,80,80,80,80,80,80,80,80,80,80,80,80,80,80,80,80,80,80,80,85,85,85,85,85,85,85,85,85,85,85,85,85,85,85,85,85,85,85,85,85,85,85,85,85,85,85,85,85,85],"relics":["Burning Blood","NeowsBlessing","Orichalcum","Self Forming Clay","Toolbox","Gremlin Horn","Pen Nib","Omamori","Ancient Tea Set","Black Star","Bird Faced Urn","Red Skull","Du-Vu Doll","Cursed Key","Ginger","Old Coin","Shuriken","Bottled Flame"],"card_choices":[{"not_picked":["True Grit","Havoc"],"picked":"Inflame"},{"not_picked":["Whirlwind","Flex"],"picked":"Clothesline"},{"not_picked":["Brutality","Dark Embrace"],"picked":"Reaper"},{"not_picked":["Havoc","Sentinel"],"picked":"Fire Breathing"},{"not_picked":["Cleave","Clash"],"picked":"Infernal Blade"},{"not_picked":["Carnage","Flame Barrier"],"picked":"Dropkick"},{"not_picked":["True Grit","Flex"],"picked":"Reaper"},{"not_picked":["True Grit","Clash"],"picked":"Whirlwind"},{"not_picked":["Infernal Blade","Perfected Strike"],"picked":"Pommel Strike"},{"not_picked":["Immolate","Feed"],"picked":"Limit Break"},{"not_picked":["Flame Barrier","Dropkick"],"picked":"Flex"},{"not_picked":["Heavy Blade","Body Slam"],"picked":"Perfected Strike"},{"not_picked":["True Grit","Body Slam"],"picked":"Warcry"},{"not_picked":["Pommel Strike","Havoc"],"picked":"Battle Trance"},{"not_picked":["Cleave","Wild Strike"],"picked":"Clothesline"}],"player_experience":114560,"potions_floor_usage":[8,18,18,22,24,31,31,33,50,50,50],"damage_taken":[{"damage":0,"enemies":"Cultist","floor":1,"turns":1},{"damage":0,"enemies":"Small Slimes","floor":3,"turns":1},{"damage":0,"enemies":"Gremlin Nob","floor":6,"turns":1},{"damage":21,"enemies":"3 Sentries","floor":8,"turns":9},{"damage":3,"enemies":"2 Louse","floor":10,"turns":3},{"damage":31,"enemies":"The Guardian","floor":16,"turns":9},{"damage":4,"enemies":"Spheric Guardian","floor":18,"turns":3},{"damage":21,"enemies":"2 Thieves","floor":19,"turns":4},{"damage":15,"enemies":"Snake Plant","floor":22,"turns":4},{"damage":19,"enemies":"Slavers","floor":23,"turns":6},{"damage":11,"enemies":"Centurion and Healer","floor":24,"turns":5},{"damage":11,"enemies":"Snecko","floor":27,"turns":4},{"damage":21,"enemies":"Snake Plant","floor":28,"turns":5},{"damage":10,"enemies":"Chosen and Byrds","floor":30,"turns":5},{"damage":22,"enemies":"Slaver and Parasite","floor":31,"turns":5},{"damage":91,"enemies":"Automaton","floor":33,"turns":9},{"damage":23,"enemies":"3 Darklings","floor":35,"turns":3},{"damage":15,"enemies":"3 Shapes","floor":36,"turns":2},{"damage":15,"enemies":"Sphere and 2 Shapes","floor":38,"turns":3},{"damage":36,"enemies":"Maw","floor":39,"turns":7},{"damage":27,"enemies":"Mysterious Sphere","floor":41,"turns":4},{"damage":40,"enemies":"4 Shapes","floor":48,"turns":4},{"damage":47,"enemies":"Time Eater","floor":50,"turns":5}],"event_choices":[{"event_name":"Upgrade Shrine","player_choice":"Upgraded","floor":4,"damage_taken":0},{"event_name":"Scrap Ooze","player_choice":"success","floor":5,"damage_taken":7},{"event_name":"Liars Game","player_choice":"agreed","floor":7,"damage_taken":0},{"event_name":"Back to Basics","player_choice":"Elegance","floor":20,"damage_taken":0},{"event_name":"Forgotten Altar","player_choice":"Shed Blood","floor":21,"damage_taken":0},{"event_name":"Golden Shrine","player_choice":"Pray","floor":29,"damage_taken":0},{"event_name":"Mysterious Sphere","player_choice":"Fight","floor":41,"damage_taken":0},{"event_name":"Upgrade Shrine","player_choice":"Upgraded","floor":42,"damage_taken":0},{"event_name":"Winding Halls","player_choice":"Embrace Madness","floor":47,"damage_taken":0}],"boss_relics":[{"not_picked":["White Beast Statue","Eternal Feather"],"picked":"Black Star"},{"not_picked":["Runic Pyramid","Runic Cube"],"picked":"Cursed Key"}],"potions_floor_spawned":[1,3,6,19,23,27,28,30,39,48],"seed_played":"2945249017286333475","ascension_level":0,"is_trial":false}