{"path_per_floor":["M","?","$","M","?","R","M","M","T","R","E","M","R","E","R","B",null,"M","?","M","?","M","R","E","M","T","$","?","$","E","M","R"],"character_chosen":"IRONCLAD","items_purchased":["Seeing Red","Battle Trance","Sadistic Nature","Lee\u0027s Waffle","Regen Potion"],"gold_per_floor":[110,285,134,144,144,144,156,167,167,167,201,218,218,247,247,345,345,360,460,475,475,491,491,548,568,647,339,339,48,73,85,85],"floor_reached":33,"campfire_rested":2,"playtime":1095,"current_hp_per_floor":[79,79,79,82,82,82,86,88,88,88,74,70,70,61,61,8,68,53,53,52,91,62,89,51,42,42,42,26,95,14,14,43],"items_purged":["Doubt","Parasite","Strike_R"],"gold":85,"score":482,"play_id":"0cdc7416-fcfa-4aa8-b984-c0e9fd2b0206","local_time":"20180307214014","is_prod":false,"is_daily":false,"is_ascension_mode":true,"campfire_upgraded":4,"timestamp":1520480414,"path_taken":["M","?","$","M","?","R","?","M","T","R","E","M","R","E","R","BOSS","M","?","M","?","M","R","E","M","T","$","?","$","E","M","R","BOSS"],"build_version":"2018-03-01-PROD1","purchased_purges":3,"victory":false,"master_deck":["Strike_R","Strike_R","Strike_R","Strike_R","Defend_R","Defend_R","Defend_R","Defend_R","Bash","Pommel Strike+1","Seeing Red+1","Headbutt","Uppercut+1","Armaments+1","Barricade+1","Shrug It Off","Feed","Cleave+1","Disarm","Clothesline+1","Battle Trance","Sadistic Nature","Shockwave","Entrench+1"],"max_hp_per_floor":[88,88,88,88,88,88,88,88,88,88,88,88,88,88,88,88,88,91,91,91,91,91,91,91,91,91,88,88,95,99,99,99],"relics":["Burning Blood","Ancient Tea Set","Frozen Eye","Smiling Mask","Runic Dome","Tiny Chest","Paper Frog","Enchiridion","Lee\u0027s Waffle","Molten Egg 2"],"card_choices":[{"not_picked":["Burning Pact","Thunderclap"],"picked":"Pommel Strike"},{"not_picked":["Clash","Infernal Blade"],"picked":"Headbutt"},{"not_picked":["Heavy Blade","Ghostly Armor"],"picked":"Uppercut"},{"not_picked":["Entrench","Burning Pact"],"picked":"Armaments"},{"not_picked":["Carnage","Entrench"],"picked":"Barricade"},{"not_picked":["Brutality","Reaper"],"picked":"Shrug It Off"},{"not_picked":["Fiend Fire","Reaper"],"picked":"Feed"},{"not_picked":["Seeing Red","Wild Strike"],"picked":"Cleave"},{"not_picked":["Armaments","Thunderclap"],"picked":"Disarm"},{"not_picked":["Headbutt","Iron Wave"],"picked":"Clothesline"},{"not_picked":["Clash","Inflame"],"picked":"Shockwave"},{"not_picked":["Havoc","Bloodletting"],"picked":"Entrench"}],"player_experience":333770,"potions_floor_usage":[8,14,20,24,25,30,33],"damage_taken":[{"damage":7,"enemies":"Small Slimes","floor":1,"turns":4},{"damage":3,"enemies":"2 Louse","floor":4,"turns":4},{"damage":2,"enemies":"Jaw Worm","floor":7,"turns":3},{"damage":4,"enemies":"Lots of Slimes","floor":8,"turns":2},{"damage":20,"enemies":"Lagavulin","floor":11,"turns":7},{"damage":10,"enemies":"Blue Slaver","floor":12,"turns":4},{"damage":15,"enemies":"Gremlin Nob","floor":14,"turns":4},{"damage":59,"enemies":"Hexaghost","floor":16,"turns":13},{"damage":24,"enemies":"Spheric Guardian","floor":18,"turns":4},{"damage":7,"enemies":"Chosen","floor":20,"turns":6},{"damage":35,"enemies":"Snake Plant","floor":22,"turns":5},{"damage":44,"enemies":"Book of Stabbing","floor":24,"turns":5},{"damage":27,"enemies":"Centurion and Healer","floor":25,"turns":9},{"damage":100,"enemies":"Gremlin Leader","floor":30,"turns":7},{"damage":6,"enemies":"Snecko","floor":31,"turns":4},{"damage":43,"enemies":"Automaton","floor":33,"turns":4}],"event_choices":[{"event_name":"Liars Game","player_choice":"agreed","floor":2,"damage_taken":0},{"event_name":"Accursed Blacksmith","player_choice":"Forge","floor":5,"damage_taken":0},{"event_name":"Golden Shrine","player_choice":"Pray","floor":19,"damage_taken":0},{"event_name":"Wheel of Change","player_choice":"Full Heal","floor":21,"damage_taken":0},{"event_name":"Cursed Tome","player_choice":"Obtained Book","floor":28,"damage_taken":0}],"boss_relics":[{"not_picked":["Question Card","Black Star"],"picked":"Runic Dome"}],"potions_floor_spawned":[1,8,14,16,20,22,30],"seed_played":"2487958277969665683","killed_by":"Automaton","ascension_level":11,"is_trial":false}