{"path_per_floor":["M","M","?","?","M","R","M","?","T","M","E","R","$","M","R","B",null,"M","M","?"],"character_chosen":"IRONCLAD","items_purchased":["Reaper","Disarm"],"gold_per_floor":[14,34,34,109,126,126,146,146,226,246,272,272,45,57,57,152,152,165,134,134],"floor_reached":21,"campfire_rested":2,"playtime":1011,"current_hp_per_floor":[77,79,79,68,66,66,49,46,46,39,27,51,51,28,52,45,71,52,28,28],"items_purged":["Strike_R"],"gold":134,"score":244,"play_id":"21f63816-077a-4dbb-82b0-85fa7231687c","local_time":"20180310093317","is_prod":false,"is_daily":false,"is_ascension_mode":true,"campfire_upgraded":1,"timestamp":1520699597,"path_taken":["M","M","?","?","?","R","M","?","T","M","E","R","$","M","R","BOSS","M","M","?","M"],"build_version":"2018-03-09","purchased_purges":1,"victory":false,"master_deck":["Strike_R","Strike_R","Defend_R","Defend_R","Bash","Sentinel","Fire Breathing","Body Slam+1","Pommel Strike","Flex","Demon Form","Feel No Pain","Reaper","Disarm","Heavy Blade","Exhume","Armaments","Flex","Armaments","Clash"],"max_hp_per_floor":[80,80,80,80,80,80,80,80,80,80,80,80,80,80,80,80,80,80,80,80],"relics":["Burning Blood","Pen Nib","Smiling Mask","Blue Candle","Orrery"],"card_choices":[{"not_picked":["Armaments","Rupture"],"picked":"Body Slam"},{"not_picked":["Sword Boomerang","Rupture"],"picked":"Pommel Strike"},{"not_picked":["Havoc","Anger"],"picked":"Flex"},{"not_picked":["Cleave","Clash"],"picked":"Demon Form"},{"not_picked":["Dual Wield","Rage"],"picked":"Feel No Pain"},{"not_picked":["True Grit","Clothesline"],"picked":"Heavy Blade"},{"not_picked":["Impervious","Juggernaut"],"picked":"Exhume"},{"not_picked":["Headbutt","Anger"],"picked":"Armaments"},{"not_picked":["Body Slam","Anger"],"picked":"Flex"},{"not_picked":["Fiend Fire","Perfected Strike"],"picked":"Armaments"},{"not_picked":["Havoc","Sever Soul"],"picked":"Clash"}],"player_experience":511133,"potions_floor_usage":[16,19],"damage_taken":[{"damage":1.0,"enemies":"Cultist","floor":1.0,"turns":4.0},{"damage":4.0,"enemies":"Small Slimes","floor":2.0,"turns":4.0},{"damage":8.0,"enemies":"2 Louse","floor":5.0,"turns":3.0},{"damage":23.0,"enemies":"Exordium Wildlife","floor":7.0,"turns":4.0},{"damage":13.0,"enemies":"Red Slaver","floor":10.0,"turns":3.0},{"damage":18.0,"enemies":"Gremlin Nob","floor":11.0,"turns":3.0},{"damage":30.0,"enemies":"Lots of Slimes","floor":14.0,"turns":28.0},{"damage":39,"enemies":"Slime Boss","floor":16,"turns":9},{"damage":25,"enemies":"Shell Parasite","floor":18,"turns":5},{"damage":42,"enemies":"2 Thieves","floor":19,"turns":5},{"damage":30,"enemies":"Centurion and Healer","floor":21,"turns":2}],"event_choices":[{"event_name":"Wheel of Change","player_choice":"Card Removal","floor":3.0,"damage_taken":0.0},{"event_name":"World of Goop","player_choice":"Gather Gold","floor":4.0,"damage_taken":0.0},{"event_name":"Scrap Ooze","player_choice":"success","floor":8.0,"damage_taken":3.0},{"event_name":"Back to Basics","player_choice":"Elegance","floor":20,"damage_taken":0}],"boss_relics":[{"not_picked":["Tiny House","Question Card"],"picked":"Orrery"}],"potions_floor_spawned":[2,5,11,16],"seed_played":"-5439914064331545866","killed_by":"Centurion and Healer","ascension_level":7,"is_trial":false}