{"path_per_floor":["M","$","M","$","?","R","M","R","T","E","$","E","R","M","R","B",null,"M","$","?","M","$","E","M","R","T","E","M","R","?","M","R"],"character_chosen":"IRONCLAD","items_purchased":["Battle Trance","Entrench","Inflame","Warcry","Clash"],"gold_per_floor":[366,251,264,91,91,91,107,107,107,142,42,75,75,86,86,184,214,224,54,54,64,64,97,109,109,409,442,460,460,375,386,386],"floor_reached":33,"campfire_rested":1,"playtime":2393,"current_hp_per_floor":[65,65,59,59,59,59,60,60,60,56,56,54,54,47,47,29,70,65,65,65,50,50,43,28,28,28,37,40,40,40,15,44],"items_purged":["Parasite","Clumsy","Defend_R"],"gold":386,"score":479,"play_id":"09722d1a-11f7-4139-914b-5f3733cb7d15","local_time":"20180311164114","is_prod":false,"is_daily":false,"is_ascension_mode":true,"campfire_upgraded":6,"timestamp":1520808074,"path_taken":["M","$","M","$","?","R","M","R","T","E","?","E","R","M","R","BOSS","M","$","?","M","?","E","M","R","T","E","M","R","?","?","R","BOSS"],"build_version":"2018-03-09","purchased_purges":3,"victory":false,"master_deck":["Strike_R","Strike_R+1","Strike_R","Strike_R","Strike_R","Defend_R","Defend_R","Defend_R","Bash+1","Shrug It Off","Battle Trance","Corruption+1","Entrench+1","Shrug It Off","Intimidate","Inflame+1","Warcry","Whirlwind+1","Havoc","Feed","Fire Breathing+1","Dropkick","Clash","Flame Barrier+1","Dual Wield+1","Iron Wave","Clash+1","Demon Form","Disarm"],"max_hp_per_floor":[80,77,77,77,77,77,77,77,77,77,77,77,77,77,77,77,82,85,85,85,88,88,88,91,91,91,91,94,94,94,97,97],"relics":["Burning Blood","Bronze Scales","Bird Faced Urn","Toolbox","Tiny House","Shuriken","Old Coin","Dream Catcher","Vajra"],"card_choices":[{"not_picked":["Blood for Blood","True Grit"],"picked":"Shrug It Off"},{"not_picked":["Havoc","Clothesline"],"picked":"Corruption"},{"not_picked":["Rage","Perfected Strike"],"picked":"Shrug It Off"},{"not_picked":["Twin Strike","Uppercut"],"picked":"Intimidate"},{"not_picked":["Sword Boomerang","Seeing Red"],"picked":"Whirlwind"},{"not_picked":["Reckless Charge","Anger"],"picked":"Havoc"},{"not_picked":["Impervious","Immolate"],"picked":"Feed"},{"not_picked":["Perfected Strike","Anger"],"picked":"Fire Breathing"},{"not_picked":["Combust","Headbutt"],"picked":"Dropkick"},{"not_picked":["Seeing Red","Uppercut"],"picked":"Flame Barrier"},{"not_picked":["Sever Soul","Armaments"],"picked":"Dual Wield"},{"not_picked":["Body Slam","Flex"],"picked":"Iron Wave"},{"not_picked":["True Grit","Cleave"],"picked":"Clash"},{"not_picked":["True Grit","Perfected Strike"],"picked":"Demon Form"},{"not_picked":["Infernal Blade","Headbutt"],"picked":"Disarm"}],"player_experience":526976,"potions_floor_usage":[10,23,23,27,27,27,33,33],"damage_taken":[{"damage":13,"enemies":"Jaw Worm","floor":1,"turns":4},{"damage":12,"enemies":"Cultist","floor":3,"turns":5},{"damage":5,"enemies":"Small Slimes","floor":7,"turns":4},{"damage":22,"enemies":"3 Sentries","floor":10,"turns":8},{"damage":12,"enemies":"Lagavulin","floor":12,"turns":7},{"damage":15,"enemies":"Exordium Thugs","floor":14,"turns":4},{"damage":28,"enemies":"Slime Boss","floor":16,"turns":8},{"damage":20,"enemies":"Chosen","floor":18,"turns":7},{"damage":28,"enemies":"2 Thieves","floor":21,"turns":4},{"damage":31,"enemies":"Book of Stabbing","floor":23,"turns":6},{"damage":30,"enemies":"Snake Plant","floor":24,"turns":6},{"damage":3,"enemies":"Gremlin Leader","floor":27,"turns":5},{"damage":12,"enemies":"Snecko","floor":28,"turns":6},{"damage":42,"enemies":"Slaver and Parasite","floor":31,"turns":4},{"damage":51,"enemies":"Automaton","floor":33,"turns":4}],"event_choices":[{"event_name":"Upgrade Shrine","player_choice":"Upgraded","floor":5,"damage_taken":0},{"event_name":"Beggar","player_choice":"Ignored","floor":20,"damage_taken":0},{"event_name":"Addict","player_choice":"Obtained Relic","floor":30,"damage_taken":0}],"boss_relics":[{"not_picked":["White Beast Statue","Runic Pyramid"],"picked":"Tiny House"}],"potions_floor_spawned":[1,7,14,23,24,27,31],"seed_played":"8208388077667322599","killed_by":"Automaton","ascension_level":11,"is_trial":false}