{"path_per_floor":["M","?","M","M","?","R","E","$","T","M","$","M","R","M","R","B",null,"M","?","M","M","?","?","R","M","T","E","R","M","R","M","R"],"character_chosen":"IRONCLAD","items_purchased":[],"gold_per_floor":[117,117,137,147,147,147,182,107,107,126,26,38,38,51,51,150,150,169,169,181,195,195,195,195,207,287,320,320,339,339,358,358],"floor_reached":33,"campfire_rested":2,"playtime":755,"current_hp_per_floor":[69,69,74,79,79,79,55,55,55,45,45,51,51,57,57,35,87,73,56,52,56,56,56,56,62,72,47,77,63,63,57,87],"items_purged":["Regret","Strike_R"],"gold":358,"score":319,"play_id":"0f25c5d6-af4a-4053-9568-6def35f9db3f","local_time":"20180313181859","is_prod":false,"is_daily":false,"is_ascension_mode":false,"campfire_upgraded":5,"timestamp":1520979539,"path_taken":["M","?","?","M","?","R","E","?","T","?","$","M","R","M","R","BOSS","M","?","M","?","?","?","R","M","T","E","R","M","R","M","R","BOSS"],"build_version":"2018-03-09","purchased_purges":2,"victory":false,"master_deck":["Strike_R","Strike_R","Strike_R","Strike_R","Defend_R","Defend_R","Defend_R","Defend_R","Bash+1","Flex+1","Heavy Blade+1","Spot Weakness+1","Whirlwind+1","Flex+1"],"max_hp_per_floor":[80,80,80,80,80,80,87,87,87,87,87,87,87,87,87,87,87,87,92,92,92,92,92,92,92,102,102,102,102,102,102,102],"relics":["Burning Blood","Mercury Hourglass","Strawberry","Toxic Egg 2","Sozu","Pear","Bag of Preparation"],"card_choices":[{"not_picked":["Hemokinesis","Iron Wave"],"picked":"Flex"},{"not_picked":["Iron Wave","True Grit"],"picked":"Heavy Blade"},{"not_picked":["Heavy Blade","Power Through"],"picked":"Spot Weakness"},{"not_picked":["Thunderclap","Intimidate"],"picked":"Flex"}],"player_experience":361330,"potions_floor_usage":[7,21,25,25],"damage_taken":[{"damage":17,"enemies":"Small Slimes","floor":1,"turns":3},{"damage":1,"enemies":"Cultist","floor":3,"turns":4},{"damage":1,"enemies":"2 Louse","floor":4,"turns":3},{"damage":37,"enemies":"3 Sentries","floor":7,"turns":5},{"damage":16,"enemies":"Lots of Slimes","floor":10,"turns":3},{"damage":0,"enemies":"3 Louse","floor":12,"turns":2},{"damage":0,"enemies":"Looter","floor":14,"turns":1},{"damage":28,"enemies":"The Guardian","floor":16,"turns":7},{"damage":20,"enemies":"2 Thieves","floor":18,"turns":3},{"damage":10,"enemies":"Spheric Guardian","floor":20,"turns":3},{"damage":8,"enemies":"Snecko","floor":21,"turns":3},{"damage":0,"enemies":"Snake Plant","floor":25,"turns":1},{"damage":31,"enemies":"Book of Stabbing","floor":27,"turns":4},{"damage":20,"enemies":"Sentry and Sphere","floor":29,"turns":4},{"damage":12,"enemies":"Centurion and Healer","floor":31,"turns":2},{"damage":89,"enemies":"Automaton","floor":33,"turns":8}],"event_choices":[{"event_name":"The Lab","player_choice":"Got Potions","floor":2,"damage_taken":0},{"event_name":"Big Fish","player_choice":"Box","floor":5,"damage_taken":0},{"event_name":"Forgotten Altar","player_choice":"Shed Blood","floor":19,"damage_taken":0},{"event_name":"Vampires","player_choice":"Ignored","floor":22,"damage_taken":0},{"event_name":"The Library","player_choice":"Read","floor":23,"damage_taken":0}],"boss_relics":[{"not_picked":["Lizard Tail","Astrolabe"],"picked":"Sozu"}],"potions_floor_spawned":[3,7,14,16,25,27,31],"seed_played":"9020991052520843496","killed_by":"Automaton","ascension_level":0,"is_trial":false}