{"path_per_floor":["M","M","?","M","M","R","E","?","T","R","M","$","E","M","R","B",null,"M","T","M","M","$","R","?","R","T","M","T","R","M","M","R"],"character_chosen":"IRONCLAD","items_purchased":[],"gold_per_floor":[114,126,126,145,156,156,189,139,139,139,152,152,187,204,204,299,299,317,317,336,351,276,276,191,191,191,203,203,203,219,233,233],"floor_reached":33,"campfire_rested":1,"playtime":1460,"current_hp_per_floor":[72,68,54,60,57,57,48,48,48,48,65,65,66,52,52,18,79,79,79,55,34,34,34,34,34,34,38,38,38,42,38,61],"items_purged":["Defend_R"],"gold":233,"score":311,"play_id":"6e6c3aee-dffd-4851-934a-98fdd1fb4741","local_time":"20180308010319","is_prod":false,"is_daily":false,"is_ascension_mode":true,"campfire_upgraded":6,"timestamp":1520496199,"path_taken":["M","M","?","M","M","R","E","?","T","R","M","?","E","M","R","BOSS","M","?","M","M","$","R","?","R","T","M","?","R","?","M","R","BOSS"],"build_version":"2018-03-01-PROD1","purchased_purges":1,"victory":false,"master_deck":["Strike_R+1","Strike_R","Strike_R","Strike_R","Defend_R+1","Bash+1","Feel No Pain","Shrug It Off","Headbutt","Shrug It Off+1","True Grit+1","Iron Wave","Clash+1","Offering","Entrench+1","Body Slam+1","Entrench","Ghostly Armor+1"],"max_hp_per_floor":[72,72,72,72,72,72,72,72,72,72,72,72,79,79,79,79,79,79,79,79,79,79,79,79,79,79,79,79,79,79,79,79],"relics":["Burning Blood","Unceasing Top","Charon\u0027s Ashes","Strawberry","Philosopher\u0027s Stone","Art of War","Du-Vu Doll","Bird Faced Urn","Sundial"],"card_choices":[{"not_picked":["Corruption","Bloodletting"],"picked":"Feel No Pain"},{"not_picked":["Sever Soul","Body Slam"],"picked":"Shrug It Off"},{"not_picked":["Searing Blow","Flex"],"picked":"Headbutt"},{"not_picked":["Armaments","Juggernaut"],"picked":"Shrug It Off"},{"not_picked":["Shrug It Off","Ghostly Armor"],"picked":"True Grit"},{"not_picked":["Havoc","Ghostly Armor"],"picked":"Iron Wave"},{"not_picked":["Fire Breathing","Corruption"],"picked":"Clash"},{"not_picked":["Berserk","Impervious"],"picked":"Offering"},{"not_picked":["Whirlwind","Headbutt"],"picked":"Entrench"},{"not_picked":["Power Through","Infernal Blade"],"picked":"Body Slam"},{"not_picked":["Sentinel","Bloodletting"],"picked":"Entrench"},{"not_picked":["Body Slam","Warcry"],"picked":"Ghostly Armor"}],"player_experience":494555,"potions_floor_usage":[11,13,21,31,33],"damage_taken":[{"damage":5,"enemies":"Small Slimes","floor":1,"turns":4},{"damage":10,"enemies":"2 Louse","floor":2,"turns":3},{"damage":0,"enemies":"Jaw Worm","floor":4,"turns":5},{"damage":9,"enemies":"Large Slime","floor":5,"turns":7},{"damage":15,"enemies":"3 Sentries","floor":7,"turns":10},{"damage":1,"enemies":"Looter","floor":11,"turns":5},{"damage":12,"enemies":"Gremlin Nob","floor":13,"turns":4},{"damage":20,"enemies":"Gremlin Gang","floor":14,"turns":5},{"damage":40,"enemies":"The Guardian","floor":16,"turns":12},{"damage":4,"enemies":"Spheric Guardian","floor":18,"turns":3},{"damage":30,"enemies":"2 Thieves","floor":20,"turns":4},{"damage":27,"enemies":"3 Cultists","floor":21,"turns":6},{"damage":4,"enemies":"Snake Plant","floor":27,"turns":5},{"damage":4,"enemies":"Centurion and Healer","floor":30,"turns":3},{"damage":12,"enemies":"3 Cultists","floor":31,"turns":4},{"damage":68,"enemies":"Collector","floor":33,"turns":6}],"event_choices":[{"event_name":"Shining Light","player_choice":"Entered Light","floor":3,"damage_taken":0},{"event_name":"The Cleric","player_choice":"Card Removal","floor":8,"damage_taken":0},{"event_name":"Addict","player_choice":"Obtained Relic","floor":24,"damage_taken":0}],"boss_relics":[{"not_picked":["Runic Cube","Runic Dome"],"picked":"Philosopher\u0027s Stone"}],"potions_floor_spawned":[1,2,7,16,21,27],"seed_played":"-5117216032470185287","killed_by":"Collector","ascension_level":4,"is_trial":false}