{"path_per_floor":["M","?","$","?","$","R","E","R","T","M","M","R","?","$","R","B",null,"M","M","?","$","?","R"],"character_chosen":"IRONCLAD","items_purchased":["Searing Blow","Double Tap","Vajra"],"gold_per_floor":[219,169,20,20,20,20,50,50,77,87,99,99,174,29,29,124,124,134,151,151,7,7,7],"floor_reached":24,"campfire_rested":1,"playtime":622,"current_hp_per_floor":[78,77,77,77,77,77,43,43,43,43,45,45,34,34,57,10,60,56,62,62,62,62,62],"items_purged":["Strike_R"],"gold":7,"score":295,"play_id":"8b3a77d6-5dd9-443f-8455-9ffe6218d572","local_time":"20180304220917","is_prod":false,"is_daily":false,"is_ascension_mode":true,"campfire_upgraded":4,"timestamp":1520197757,"path_taken":["M","?","$","?","?","R","E","R","T","?","?","R","?","$","R","BOSS","M","M","?","$","?","R","E"],"build_version":"2018-03-01-PROD1","purchased_purges":1,"victory":false,"master_deck":["Strike_R","Strike_R","Defend_R","Defend_R","Defend_R+1","Defend_R+1","Bash","Cleave","Searing Blow+5","Headbutt","Disarm","True Grit","Double Tap","Immolate","Sever Soul"],"max_hp_per_floor":[80,77,77,77,77,77,77,77,77,77,77,77,77,77,77,77,77,77,77,77,77,77,77],"relics":["Burning Blood","War Paint","Oddly Smooth Stone","Snecko Eye","Vajra"],"card_choices":[{"not_picked":["Ghostly Armor","Sword Boomerang"],"picked":"Cleave"},{"not_picked":["Bloodletting","Sword Boomerang"],"picked":"Headbutt"},{"not_picked":["Havoc","Dropkick"],"picked":"Disarm"},{"not_picked":["Perfected Strike","Body Slam"],"picked":"True Grit"},{"not_picked":["Impervious","Bludgeon"],"picked":"Immolate"},{"not_picked":["Perfected Strike","Heavy Blade"],"picked":"Sever Soul"}],"player_experience":290384,"potions_floor_usage":[7,16,24,24],"damage_taken":[{"damage":0,"enemies":"2 Louse","floor":1,"turns":5},{"damage":40,"enemies":"Lagavulin","floor":7,"turns":4},{"damage":6,"enemies":"Jaw Worm","floor":10,"turns":2},{"damage":4,"enemies":"Cultist","floor":11,"turns":3},{"damage":65,"enemies":"Slime Boss","floor":16,"turns":12},{"damage":10,"enemies":"Chosen","floor":18,"turns":4},{"damage":0,"enemies":"Spheric Guardian","floor":19,"turns":3},{"damage":66,"enemies":"Gremlin Leader","floor":24,"turns":4}],"event_choices":[{"event_name":"The Cleric","player_choice":"Card Removal","floor":2,"damage_taken":0},{"event_name":"Upgrade Shrine","player_choice":"Upgraded","floor":4,"damage_taken":0},{"event_name":"World of Goop","player_choice":"Gather Gold","floor":13,"damage_taken":0},{"event_name":"Back to Basics","player_choice":"Elegance","floor":20,"damage_taken":0},{"event_name":"Bonfire Elementals","player_choice":"BASIC","floor":22,"damage_taken":0}],"boss_relics":[{"not_picked":["Mark of Pain","Runic Cube"],"picked":"Snecko Eye"}],"potions_floor_spawned":[1,7,11,18,19],"seed_played":"7690730256017204619","killed_by":"Gremlin Leader","ascension_level":11,"is_trial":false}