{"path_per_floor":["M","M","M","M","M","R","E","R","T","?","?","M","E","?","R"],"character_chosen":"IRONCLAD","items_purchased":[],"gold_per_floor":[119,138,149,159,179,179,204,204,251,251,201,219,254,276,276],"floor_reached":16,"campfire_rested":0,"playtime":697,"current_hp_per_floor":[69,69,69,69,61,61,63,63,63,56,56,62,61,44,44],"items_purged":[],"gold":276,"score":174,"play_id":"a7e36f51-ef8d-4e45-a55e-d030d192dd81","local_time":"20180305205345","is_prod":false,"is_daily":false,"is_ascension_mode":true,"campfire_upgraded":3,"timestamp":1520279625,"path_taken":["M","M","M","?","M","R","E","R","T","?","?","M","E","?","R","BOSS"],"build_version":"2018-03-01-PROD1","purchased_purges":0,"victory":false,"master_deck":["Strike_R","Strike_R","Defend_R","Defend_R","Defend_R","Defend_R","Bash","Battle Trance","Ghostly Armor","Shrug It Off","Entrench+1","Uppercut+1","Headbutt","True Grit+1"],"max_hp_per_floor":[69,69,69,69,69,69,69,69,69,69,69,69,69,69,69],"relics":["Burning Blood","Letter Opener","Pen Nib","Bag of Preparation","Odd Mushroom"],"card_choices":[{"not_picked":["Warcry","Body Slam"],"picked":"Battle Trance"},{"not_picked":["Anger","Intimidate"],"picked":"Ghostly Armor"},{"not_picked":["Headbutt","Spot Weakness"],"picked":"Shrug It Off"},{"not_picked":["Warcry","Spot Weakness"],"picked":"Entrench"},{"not_picked":["Burning Pact","Rage"],"picked":"Uppercut"},{"not_picked":["Fire Breathing","Anger"],"picked":"Headbutt"},{"not_picked":["Sentinel","Thunderclap"],"picked":"True Grit"}],"player_experience":299387,"potions_floor_usage":[7,7,13,16],"damage_taken":[{"damage":6,"enemies":"Cultist","floor":1,"turns":3},{"damage":6,"enemies":"2 Louse","floor":2,"turns":3},{"damage":5,"enemies":"Small Slimes","floor":3,"turns":4},{"damage":3,"enemies":"Blue Slaver","floor":4,"turns":5},{"damage":14,"enemies":"Exordium Wildlife","floor":5,"turns":7},{"damage":4,"enemies":"3 Sentries","floor":7,"turns":11},{"damage":0,"enemies":"Looter","floor":12,"turns":4},{"damage":7,"enemies":"Lagavulin","floor":13,"turns":6},{"damage":23,"enemies":"The Mushroom Lair","floor":14,"turns":5},{"damage":47,"enemies":"Hexaghost","floor":16,"turns":12}],"event_choices":[{"event_name":"Golden Wing","player_choice":"Card Removal","floor":10,"damage_taken":0},{"event_name":"The Cleric","player_choice":"Card Removal","floor":11,"damage_taken":0},{"event_name":"Mushrooms","player_choice":"Fought Mushrooms","floor":14,"damage_taken":0}],"boss_relics":[],"potions_floor_spawned":[2,4,5,14],"seed_played":"3390314253254515726","killed_by":"Hexaghost","ascension_level":11,"is_trial":false}