{"path_per_floor":["M","M","?","M","$","R","M","R","T","$","M","M","?","?","R","B",null,"M","?","?","M","$","R","$","?","T","R","E","R","M","E","R"],"character_chosen":"IRONCLAD","items_purchased":["Metallicize","Entrench","True Grit"],"gold_per_floor":[119,131,131,149,40,40,55,55,81,10,24,41,41,41,41,141,141,158,158,83,96,51,51,51,51,131,131,164,164,179,207,207],"floor_reached":33,"campfire_rested":4,"playtime":1332,"current_hp_per_floor":[74,79,79,79,77,77,77,77,77,77,70,72,57,50,73,49,70,79,63,63,51,51,51,51,51,51,75,38,62,74,13,39],"items_purged":["Parasite"],"gold":207,"score":423,"play_id":"6e3033c4-385b-42eb-a48c-689352e04ad6","local_time":"20180306072219","is_prod":false,"is_daily":false,"is_ascension_mode":true,"campfire_upgraded":3,"timestamp":1520342539,"path_taken":["M","M","?","?","$","R","M","R","T","?","M","M","?","?","R","BOSS","M","?","?","M","$","R","$","?","T","R","E","R","?","E","R","BOSS"],"build_version":"2018-03-01-PROD1","purchased_purges":1,"victory":false,"master_deck":["Strike_R","Strike_R","Strike_R+1","Strike_R+1","Defend_R","Defend_R","Defend_R","Defend_R","Bash","Shrug It Off+1","Body Slam+1","Flame Barrier+1","Metallicize","Headbutt","Entrench+1","Seeing Red","Feel No Pain","Juggernaut","True Grit+1","Battle Trance","Battle Trance"],"max_hp_per_floor":[80,80,80,80,77,77,77,77,77,77,77,77,77,77,77,77,77,79,79,79,81,81,81,81,81,81,81,83,83,85,87,87],"relics":["Black Blood","Whetstone","Singing Bowl","Enchiridion","Tiny Chest","Pantograph","Dream Catcher"],"card_choices":[{"not_picked":["Pommel Strike","True Grit"],"picked":"Shrug It Off"},{"not_picked":["Flex","Shrug It Off"],"picked":"Body Slam"},{"not_picked":["Pommel Strike","Body Slam"],"picked":"Flame Barrier"},{"not_picked":["Reckless Charge","Cleave"],"picked":"Headbutt"},{"not_picked":["Twin Strike","Rupture"],"picked":"Seeing Red"},{"not_picked":["Shockwave","Havoc"],"picked":"Feel No Pain"},{"not_picked":["Feed","Brutality"],"picked":"Juggernaut"},{"not_picked":["Thunderclap","Sever Soul"],"picked":"Battle Trance"}],"player_experience":325459,"potions_floor_usage":[],"damage_taken":[{"damage":4.0,"enemies":"Jaw Worm","floor":1.0,"turns":3.0},{"damage":1.0,"enemies":"Cultist","floor":2.0,"turns":3.0},{"damage":6.0,"enemies":"2 Louse","floor":4.0,"turns":3.0},{"damage":4.0,"enemies":"2 Fungi Beasts","floor":7.0,"turns":4.0},{"damage":13.0,"enemies":"Gremlin Gang","floor":11.0,"turns":4.0},{"damage":4.0,"enemies":"Red Slaver","floor":12.0,"turns":5.0},{"damage":30.0,"enemies":"The Guardian","floor":16.0,"turns":15.0},{"damage":3.0,"enemies":"Spheric Guardian","floor":18.0,"turns":6.0},{"damage":24.0,"enemies":"Shell Parasite","floor":21.0,"turns":6.0},{"damage":49.0,"enemies":"Slavers","floor":28.0,"turns":14.0},{"damage":0.0,"enemies":"Centurion and Healer","floor":30.0,"turns":8.0},{"damage":73.0,"enemies":"Book of Stabbing","floor":31.0,"turns":9.0},{"damage":71,"enemies":"Champ","floor":33,"turns":17}],"event_choices":[{"event_name":"The Woman in Blue","player_choice":"Bought 0 Potions","floor":3.0,"damage_taken":0.0},{"event_name":"Shining Light","player_choice":"Entered Light","floor":13.0,"damage_taken":0.0},{"event_name":"Wheel of Change","player_choice":"Damage","floor":14.0,"damage_taken":0.0},{"event_name":"Cursed Tome","player_choice":"Obtained Book","floor":19.0,"damage_taken":0.0},{"event_name":"Beggar","player_choice":"Gave Gold","floor":20.0,"damage_taken":0.0},{"event_name":"The Library","player_choice":"Read","floor":25.0,"damage_taken":0.0}],"boss_relics":[],"potions_floor_spawned":[1,4,11,12,21,30],"seed_played":"6205896981723997258","killed_by":"Champ","ascension_level":11,"is_trial":false}