{"path_per_floor":["M","?","M","?","?","R","M","E","T","R","M","$","R","$","R","B",null,"M","?","$","?","?","R","?","M","T","M","R","M","$","M","R"],"character_chosen":"IRONCLAD","items_purchased":["Body Slam","Magic Flower","Body Slam","Impervious","Entrench"],"gold_per_floor":[117,117,133,133,103,103,123,157,457,457,475,355,355,6,6,111,111,128,128,58,58,58,58,58,71,126,141,141,158,84,94,94],"floor_reached":33,"campfire_rested":1,"playtime":1444,"current_hp_per_floor":[63,63,62,67,67,67,69,47,47,47,46,46,46,46,70,23,67,53,53,53,53,53,53,53,62,62,67,67,81,81,66,66],"items_purged":["Strike_R"],"gold":94,"score":389,"play_id":"84e3f8dc-9db6-458c-9787-d4888e7df685","local_time":"20180318110539","is_prod":false,"is_daily":false,"is_ascension_mode":true,"campfire_upgraded":5,"timestamp":1521389139,"path_taken":["M","?","M","?","?","R","M","E","T","R","M","?","R","$","R","BOSS","M","?","$","?","?","R","?","M","T","M","R","M","$","M","R","BOSS"],"build_version":"2018-03-15v3","purchased_purges":3,"victory":false,"master_deck":["Strike_R+1","Strike_R+1","Strike_R+1","Defend_R+1","Defend_R+1","Defend_R+1","Defend_R+1","Bash","Metallicize","Flash of Steel","Rampage+1","Evolve+1","Battle Trance","Body Slam+1","Body Slam+1","Feed","Cleave","Impervious","Madness","Impervious","Entrench","Body Slam+1"],"max_hp_per_floor":[77,77,77,82,82,82,82,82,82,82,82,82,82,82,82,82,82,85,85,85,85,85,85,85,85,85,88,88,91,91,94,94],"relics":["Burning Blood","Peace Pipe","Old Coin","Magic Flower","Velvet Choker","Mummified Hand","Omamori"],"card_choices":[{"not_picked":["Shrug It Off","Clash"],"picked":"Metallicize"},{"not_picked":["Perfected Strike","Wild Strike"],"picked":"Rampage"},{"not_picked":["Headbutt","Warcry"],"picked":"Evolve"},{"not_picked":["Flex","Infernal Blade"],"picked":"Battle Trance"},{"not_picked":["Reaper","Brutality"],"picked":"Feed"},{"not_picked":["Intimidate","Headbutt"],"picked":"Cleave"},{"not_picked":["Anger","Corruption"],"picked":"Impervious"},{"not_picked":["Twin Strike","Spot Weakness"],"picked":"Body Slam"}],"player_experience":367593,"potions_floor_usage":[29],"damage_taken":[{"damage":15.0,"enemies":"2 Louse","floor":1.0,"turns":3.0},{"damage":7.0,"enemies":"Cultist","floor":3.0,"turns":4.0},{"damage":4.0,"enemies":"Small Slimes","floor":7.0,"turns":3.0},{"damage":28.0,"enemies":"3 Sentries","floor":8.0,"turns":11.0},{"damage":7.0,"enemies":"3 Louse","floor":11.0,"turns":4.0},{"damage":56.0,"enemies":"Slime Boss","floor":16.0,"turns":11.0},{"damage":28.0,"enemies":"2 Thieves","floor":18.0,"turns":4.0},{"damage":0.0,"enemies":"Spheric Guardian","floor":25.0,"turns":3.0},{"damage":9.0,"enemies":"Centurion and Healer","floor":27.0,"turns":5.0},{"damage":0,"enemies":"Snecko","floor":29,"turns":3},{"damage":29,"enemies":"3 Cultists","floor":31,"turns":5},{"damage":66,"enemies":"Collector","floor":33,"turns":8}],"event_choices":[{"event_name":"Match and Keep!","player_choice":"1 cards matched","floor":2.0,"damage_taken":0.0},{"event_name":"Big Fish","player_choice":"Donut","floor":4.0,"damage_taken":0.0},{"event_name":"The Woman in Blue","player_choice":"Bought 2 Potions","floor":5.0,"damage_taken":0.0},{"event_name":"Back to Basics","player_choice":"Simplicity","floor":19.0,"damage_taken":0.0},{"event_name":"The Mausoleum","player_choice":"Yes","floor":21.0,"damage_taken":0.0},{"event_name":"Cursed Tome","player_choice":"Ignored","floor":22.0,"damage_taken":0.0},{"event_name":"Match and Keep!","player_choice":"1 cards matched","floor":24.0,"damage_taken":0.0}],"boss_relics":[],"potions_floor_spawned":[1,16,27,31],"seed_played":"-5845029278440592266","killed_by":"Collector","ascension_level":12,"is_trial":false}