{"path_per_floor":["M","M","M","?","M","R","M","R","T","$","E","R","$","M","R","B",null,"M","M"],"character_chosen":"IRONCLAD","items_purchased":["Disarm","Block Potion"],"gold_per_floor":[116,136,153,153,164,164,179,179,179,33,66,66,15,27,27,105,105,120,130],"floor_reached":20,"campfire_rested":2,"playtime":603,"current_hp_per_floor":[66,67,67,49,40,40,27,53,53,53,33,33,33,30,55,51,77,57,48],"items_purged":["Parasite"],"gold":130,"score":290,"play_id":"8a4afc0a-064a-4d2d-a6f9-bf674d9abbce","local_time":"20180319073653","is_prod":false,"is_daily":false,"is_ascension_mode":true,"campfire_upgraded":2,"timestamp":1521463013,"path_taken":["M","M","?","?","M","R","M","R","T","$","E","R","$","M","R","BOSS","M","M","M"],"build_version":"2018-03-15v3","purchased_purges":1,"victory":false,"master_deck":["Strike_R","Strike_R","Strike_R","Strike_R","Strike_R","Defend_R","Defend_R","Defend_R","Defend_R","Bash","Clothesline","Cleave","Demon Form","Heavy Blade+1","Body Slam+1","Disarm","Pummel","Fiend Fire","Sword Boomerang"],"max_hp_per_floor":[88,88,88,88,88,88,88,88,88,85,85,85,85,85,85,85,85,85,85],"relics":["Black Blood","Letter Opener","Dead Branch","Paper Frog"],"card_choices":[{"not_picked":["Wild Strike","Power Through"],"picked":"Clothesline"},{"not_picked":["Wild Strike","Heavy Blade"],"picked":"Cleave"},{"not_picked":["Heavy Blade","Clothesline"],"picked":"Demon Form"},{"not_picked":["Hemokinesis","Sentinel"],"picked":"Heavy Blade"},{"not_picked":["Clothesline","Iron Wave"],"picked":"Body Slam"},{"not_picked":["Flex","Cleave"],"picked":"Pummel"},{"not_picked":["Berserk","Bludgeon"],"picked":"Fiend Fire"},{"not_picked":["Burning Pact","Dual Wield"],"picked":"Sword Boomerang"}],"player_experience":376387,"potions_floor_usage":[19],"damage_taken":[{"damage":20.0,"enemies":"Cultist","floor":1.0,"turns":5.0},{"damage":5.0,"enemies":"Jaw Worm","floor":2.0,"turns":4.0},{"damage":6.0,"enemies":"2 Louse","floor":3.0,"turns":3.0},{"damage":15.0,"enemies":"Blue Slaver","floor":5.0,"turns":4.0},{"damage":19.0,"enemies":"Exordium Thugs","floor":7.0,"turns":6.0},{"damage":26.0,"enemies":"3 Sentries","floor":11.0,"turns":5.0},{"damage":9.0,"enemies":"3 Louse","floor":14.0,"turns":3.0},{"damage":22.0,"enemies":"Hexaghost","floor":16.0,"turns":7.0},{"damage":30,"enemies":"Shell Parasite","floor":18,"turns":5},{"damage":19,"enemies":"Chosen","floor":19,"turns":4},{"damage":22,"enemies":"Centurion and Healer","floor":20,"turns":4}],"event_choices":[{"event_name":"Scrap Ooze","player_choice":"success","floor":4.0,"damage_taken":18.0}],"boss_relics":[],"potions_floor_spawned":[3,5,11,14],"seed_played":"1959099478570022134","killed_by":"Centurion and Healer","ascension_level":13,"is_trial":false}