{"path_per_floor":["M","?","$","M","?","R","M","R","T","M","M","M","R","M","R","B",null,"M","?","?","M","M","R","E","M","T","R","?","M","M"],"character_chosen":"IRONCLAD","items_purchased":["Spot Weakness"],"gold_per_floor":[115,115,38,49,14,14,30,30,77,94,106,122,122,135,135,209,209,229,229,129,148,165,165,198,210,235,235,235,245,262,262],"floor_reached":31,"campfire_rested":2,"playtime":801,"current_hp_per_floor":[64,57,57,61,75,75,75,75,75,75,75,74,74,62,62,55,70,55,55,55,39,33,55,29,8,8,31,31,37,20,0],"items_purged":[],"gold":262,"score":427,"play_id":"de9643a4-4f05-4581-bddd-879edc0df812","local_time":"20180402090851","is_prod":false,"is_daily":false,"is_ascension_mode":true,"campfire_upgraded":4,"timestamp":1522678131,"path_taken":["M","?","$","M","?","R","M","R","T","M","M","M","R","?","R","BOSS","M","?","?","M","M","R","E","?","T","R","?","M","M","M"],"build_version":"2018-03-29v2","purchased_purges":0,"victory":false,"master_deck":["Strike_R","Strike_R+1","Strike_R","Strike_R+1","Defend_R","Defend_R","Defend_R","Defend_R","Bash+1","AscendersBane","Cleave","Spot Weakness+1","Ghostly Armor","Clothesline","Shrug It Off","Heavy Blade+1","Sword Boomerang","Whirlwind+1","Feed","Shockwave","J.A.X.","Demon Form","Metallicize","Iron Wave+1","Thunderclap","Disarm"],"max_hp_per_floor":[75,75,75,75,75,75,75,75,75,75,75,75,75,75,75,75,75,75,75,75,75,75,75,78,78,78,78,78,78,78,78],"relics":["Burning Blood","Whetstone","Sozu","Blue Candle","Happy Flower"],"card_choices":[{"not_picked":["Headbutt","Havoc"],"picked":"Cleave","floor":1},{"not_picked":["Iron Wave","Infernal Blade"],"picked":"Ghostly Armor","floor":4},{"not_picked":["Wild Strike","Burning Pact"],"picked":"Clothesline","floor":7},{"not_picked":["Thunderclap","True Grit"],"picked":"Shrug It Off","floor":10},{"not_picked":["Sentinel","Spot Weakness"],"picked":"Heavy Blade","floor":11},{"not_picked":["Body Slam","Anger"],"picked":"Sword Boomerang","floor":12},{"not_picked":["Clash","Pommel Strike"],"picked":"Whirlwind","floor":14},{"not_picked":["Reaper","Demon Form"],"picked":"Feed","floor":16},{"not_picked":["Carnage","True Grit"],"picked":"Shockwave","floor":18},{"not_picked":["Body Slam","Headbutt"],"picked":"Demon Form","floor":21},{"not_picked":["Sever Soul","Searing Blow"],"picked":"Metallicize","floor":22},{"not_picked":["Rage","Anger"],"picked":"Iron Wave","floor":25},{"not_picked":["Barricade","Entrench"],"picked":"Thunderclap","floor":29},{"not_picked":["Iron Wave","True Grit"],"picked":"Disarm","floor":30}],"player_experience":403571,"potions_floor_usage":[16,16,16],"damage_taken":[{"damage":10,"enemies":"Small Slimes","floor":1,"turns":4},{"damage":2,"enemies":"Jaw Worm","floor":4,"turns":3},{"damage":3,"enemies":"2 Louse","floor":7,"turns":2},{"damage":5,"enemies":"2 Fungi Beasts","floor":10,"turns":3},{"damage":0,"enemies":"3 Louse","floor":11,"turns":3},{"damage":7,"enemies":"Exordium Wildlife","floor":12,"turns":3},{"damage":18,"enemies":"Exordium Thugs","floor":14,"turns":5},{"damage":13,"enemies":"The Guardian","floor":16,"turns":10},{"damage":21,"enemies":"Shell Parasite","floor":18,"turns":4},{"damage":22,"enemies":"Spheric Guardian","floor":21,"turns":4},{"damage":12,"enemies":"Snake Plant","floor":22,"turns":4},{"damage":35,"enemies":"Slavers","floor":24,"turns":3},{"damage":27,"enemies":"3 Cultists","floor":25,"turns":4},{"damage":0,"enemies":"Snecko","floor":29,"turns":3},{"damage":23,"enemies":"Centurion and Healer","floor":30,"turns":6},{"damage":24,"enemies":"3 Cultists","floor":31,"turns":3}],"event_choices":[{"event_name":"Golden Wing","player_choice":"Card Removal","floor":2,"damage_taken":0},{"event_name":"The Cleric","player_choice":"Healed","floor":5,"damage_taken":0},{"event_name":"The Lab","player_choice":"Got Potions","floor":19,"damage_taken":0},{"event_name":"Drug Dealer","player_choice":"Got JAXXED","floor":20,"damage_taken":0},{"event_name":"Vampires","player_choice":"Ignored","floor":28,"damage_taken":0}],"boss_relics":[{"not_picked":["Calling Bell","Black Star"],"picked":"Sozu"}],"potions_floor_spawned":[11,12,14,18,22,25,29],"seed_played":"-3409286882310800342","killed_by":"3 Cultists","ascension_level":14,"is_trial":false}