{"path_per_floor":["M","?","M","?","M","E","R","E","T","R","?","?","M","?","R","B",null,"M","M","?","?","M","R","M","R","T","M","E","M","M","$","R","B",null,"M","M","$","M","M","E","T","R","T","M","?","R","M","E","R","B"],"character_chosen":"IRONCLAD","items_purchased":["Champion Belt","Flex","Iron Wave","Deep Breath","Inflame"],"gold_per_floor":[12,12,23,23,48,84,84,117,117,117,117,192,215,215,215,345,345,365,390,390,315,326,326,342,342,368,381,412,422,433,77,77,172,172,183,203,75,92,112,147,147,147,173,186,186,186,199,231,231,231],"floor_reached":51,"campfire_rested":1,"playtime":1665,"current_hp_per_floor":[80,80,80,60,60,40,40,38,38,38,38,27,33,17,41,47,80,80,80,80,80,80,80,80,80,87,78,87,89,91,91,91,61,91,93,71,71,74,83,92,92,92,97,95,95,95,101,101,101,80],"items_purged":[],"gold":231,"score":864,"play_id":"7e02e3b0-47a7-4832-af98-9b26f6be5483","local_time":"20180330233724","is_prod":false,"is_daily":false,"is_ascension_mode":false,"campfire_upgraded":8,"timestamp":1522474644,"path_taken":["M","?","M","?","?","E","R","E","T","R","?","?","?","?","R","BOSS","M","M","?","?","M","R","M","R","T","M","E","M","M","$","R","BOSS","M","M","$","M","M","E","?","R","T","M","?","R","M","E","R","BOSS"],"build_version":"2018-03-29v2","purchased_purges":2,"victory":true,"master_deck":["Strike_R+1","Strike_R+1","Bash+1","Iron Wave","Fiend Fire+1","Battle Trance+1","Shockwave+1","Exhume","Heavy Blade+1","Shrug It Off+1","Flex+1","Flex+1","Iron Wave","Offering+1","Combust+1","Thunderclap+1","Clash+1","Flame Barrier+1","Deep Breath+1","Inflame+1","Whirlwind+1","Clash+1"],"max_hp_per_floor":[80,80,80,80,80,80,80,80,80,80,80,80,80,80,80,80,80,80,80,80,80,80,80,80,80,87,87,87,89,91,91,91,91,91,93,93,93,95,97,97,97,97,97,99,99,99,101,101,101,101],"relics":["Burning Blood","Bloody Idol","Torii","Happy Flower","Mercury Hourglass","Velvet Choker","Strawberry","Singing Bowl","Champion Belt","Astrolabe","Matryoshka","Gremlin Horn","Ginger","Oddly Smooth Stone","Bronze Scales","Ancient Tea Set"],"card_choices":[{"not_picked":["Wild Strike","Body Slam"],"picked":"Iron Wave","floor":1.0},{"not_picked":["Thunderclap","Power Through"],"picked":"Battle Trance","floor":3.0},{"not_picked":["Corruption","Disarm"],"picked":"Shockwave","floor":6.0},{"not_picked":["Demon Form","Barricade"],"picked":"Exhume","floor":16.0},{"not_picked":["Sentinel","Barricade"],"picked":"Heavy Blade","floor":22.0},{"not_picked":["Wild Strike","Heavy Blade"],"picked":"Shrug It Off","floor":24.0},{"not_picked":["Wild Strike","Sword Boomerang"],"picked":"Flex","floor":28.0},{"not_picked":["Reaper","Barricade"],"picked":"Offering","floor":33.0},{"not_picked":["Thunderclap","Warcry"],"picked":"Flame Barrier","floor":36},{"not_picked":["Combust","Wild Strike"],"picked":"Whirlwind","floor":40},{"not_picked":["Armaments","Immolate"],"picked":"Clash","floor":48}],"player_experience":599945,"potions_floor_usage":[40,50,50],"damage_taken":[{"damage":1.0,"enemies":"2 Louse","floor":1.0,"turns":4.0},{"damage":0.0,"enemies":"Cultist","floor":3.0,"turns":2.0},{"damage":6.0,"enemies":"Jaw Worm","floor":5.0,"turns":2.0},{"damage":26.0,"enemies":"Lagavulin","floor":6.0,"turns":5.0},{"damage":8.0,"enemies":"Gremlin Nob","floor":8.0,"turns":3.0},{"damage":0.0,"enemies":"2 Fungi Beasts","floor":13.0,"turns":3.0},{"damage":0.0,"enemies":"Slime Boss","floor":16.0,"turns":3.0},{"damage":0.0,"enemies":"Chosen","floor":18.0,"turns":2.0},{"damage":0.0,"enemies":"Spheric Guardian","floor":19.0,"turns":1.0},{"damage":0.0,"enemies":"Snecko","floor":22.0,"turns":2.0},{"damage":0.0,"enemies":"Snake Plant","floor":24.0,"turns":2.0},{"damage":20.0,"enemies":"Sentry and Sphere","floor":27.0,"turns":5.0},{"damage":2.0,"enemies":"Book of Stabbing","floor":28.0,"turns":6.0},{"damage":6.0,"enemies":"Snecko","floor":29.0,"turns":3.0},{"damage":10.0,"enemies":"Cultist and Chosen","floor":30.0,"turns":3.0},{"damage":41.0,"enemies":"Collector","floor":33.0,"turns":4.0},{"damage":0.0,"enemies":"3 Shapes","floor":35.0,"turns":2.0},{"damage":33,"enemies":"3 Darklings","floor":36,"turns":4},{"damage":10,"enemies":"Maw","floor":38,"turns":6},{"damage":4,"enemies":"Sphere and 2 Shapes","floor":39,"turns":6},{"damage":2,"enemies":"Nemesis","floor":40,"turns":3},{"damage":15,"enemies":"4 Shapes","floor":44,"turns":3},{"damage":0,"enemies":"3 Darklings","floor":47,"turns":3},{"damage":4,"enemies":"Giant Head","floor":48,"turns":5},{"damage":27,"enemies":"Time Eater","floor":50,"turns":4}],"event_choices":[{"event_name":"Transmorgrifier","player_choice":"Transform","floor":2.0,"damage_taken":0.0},{"event_name":"Golden Idol","player_choice":"Take Damage","floor":4.0,"damage_taken":0.0},{"event_name":"Accursed Blacksmith","player_choice":"Forge","floor":11.0,"damage_taken":0.0},{"event_name":"World of Goop","player_choice":"Gather Gold","floor":12.0,"damage_taken":0.0},{"event_name":"Shining Light","player_choice":"Entered Light","floor":14.0,"damage_taken":0.0},{"event_name":"Forgotten Altar","player_choice":"Gave Idol","floor":20.0,"damage_taken":0.0},{"event_name":"Beggar","player_choice":"Gave Gold","floor":21.0,"damage_taken":0.0},{"event_name":"Match and Keep!","player_choice":"0 cards matched","floor":45,"damage_taken":0},{"event_name":"Match and Keep!","player_choice":"0 cards matched","floor":45,"damage_taken":0}],"boss_relics":[],"potions_floor_spawned":[3,5,8,16,22,24,29,30,38,39,44,48],"seed_played":"1883866748079099391","ascension_level":0,"is_trial":false}