{"path_per_floor":["M","?","M","?","M","E","R","E","T","E","?","$","M","M","R","B",null,"M","?","?","M","$","R","M","R","T","?","$","E","M","E","R","B",null,"M","M","?","$","M","E","R","$","T","R","?","?","?","$","R","B"],"character_chosen":"IRONCLAD","items_purchased":["Bag of Preparation","Havoc","Armaments","Membership Card","Apotheosis","Whetstone","Feel No Pain","Dramatic Entrance","Vajra","Gambling Chip"],"gold_per_floor":[113,113,127,127,143,183,183,217,286,326,326,30,53,68,68,193,193,206,206,206,227,35,35,54,54,54,54,54,92,112,148,148,276,314,327,352,352,36,61,122,122,48,48,48,381,381,381,15,15,15],"floor_reached":51,"campfire_rested":3,"playtime":2027,"current_hp_per_floor":[70,54,50,50,49,33,59,27,27,25,47,47,47,47,72,26,85,84,84,42,41,41,41,41,41,41,41,41,41,41,41,41,39,47,43,41,31,31,31,31,47,47,47,47,47,47,41,41,41,41],"items_purged":["Parasite"],"gold":15,"score":1091,"play_id":"7ba54cee-958a-484b-9987-a4e38025a7ec","local_time":"20180402221529","is_prod":false,"is_daily":false,"is_ascension_mode":true,"campfire_upgraded":5,"timestamp":1522721729,"path_taken":["M","?","M","?","M","E","R","E","T","E","?","?","M","M","R","BOSS","M","?","?","M","$","R","M","R","T","?","$","E","M","E","R","BOSS","M","M","?","$","M","E","R","$","T","R","?","?","?","$","R","BOSS"],"build_version":"2018-03-29v2","purchased_purges":1,"victory":true,"master_deck":["Strike_R","Strike_R","Strike_R","Strike_R","Strike_R+1","Defend_R","Defend_R","Defend_R","Defend_R+1","Bash","Corruption+1","Spot Weakness+1","Carnage","Whirlwind","Burning Pact","Inflame+1","Havoc","Armaments+1","Rage","Flex","Double Tap+1","Havoc+1","Ghostly","Ghostly","Ghostly","Ghostly","Ghostly","Shrug It Off","Pommel Strike+1","Impervious","Limit Break+1","Dark Embrace+1","Carnage","Feel No Pain+1","Infernal Blade","Deep Breath","Dramatic Entrance+1","Master of Strategy","Apotheosis+1","Feel No Pain","Headbutt+1","Dramatic Entrance","Madness","Madness"],"max_hp_per_floor":[80,80,80,74,74,88,88,88,88,88,88,85,85,85,85,85,85,85,85,42,42,42,42,42,42,42,42,42,42,42,42,42,42,47,47,47,47,47,47,47,47,47,47,47,47,47,47,47,47,47],"relics":["Black Star","Charon\u0027s Ashes","Mango","Lantern","Anchor","Centennial Puzzle","Juzu Bracelet","Oddly Smooth Stone","Bag of Preparation","Sozu","Membership Card","Ice Cream","Toolbox","Ornamental Fan","Omamori","Regal Pillow","Tiny House","Whetstone","Bag of Marbles","Tiny Chest","Unceasing Top","Vajra","Gambling Chip"],"card_choices":[{"not_picked":["Armaments","Warcry"],"picked":"Corruption","floor":1},{"not_picked":["Pommel Strike","Brutality"],"picked":"Spot Weakness","floor":3},{"not_picked":["Twin Strike","Second Wind"],"picked":"Carnage","floor":5},{"not_picked":["Body Slam","Combust"],"picked":"Whirlwind","floor":6},{"not_picked":["Reckless Charge","Evolve"],"picked":"Burning Pact","floor":8},{"not_picked":["Uppercut","Pommel Strike"],"picked":"Inflame","floor":10},{"not_picked":["Body Slam","Anger"],"picked":"Rage","floor":13},{"not_picked":["Perfected Strike","Bloodletting"],"picked":"Flex","floor":14},{"not_picked":["Barricade","Fiend Fire"],"picked":"Double Tap","floor":16},{"not_picked":["Burning Pact","Searing Blow"],"picked":"Havoc","floor":18},{"not_picked":["Rupture","True Grit"],"picked":"Shrug It Off","floor":24},{"not_picked":["Clothesline","Havoc"],"picked":"Pommel Strike","floor":29},{"not_picked":["Havoc","Sword Boomerang"],"picked":"Impervious","floor":30},{"not_picked":["Armaments","Seeing Red"],"picked":"Limit Break","floor":31},{"not_picked":["Reaper","Brutality"],"picked":"Dark Embrace","floor":33},{"not_picked":["Burning Pact","Clash"],"picked":"Carnage","floor":34},{"not_picked":["Ghostly Armor","Power Through"],"picked":"Feel No Pain","floor":35},{"not_picked":["Headbutt","Pommel Strike"],"picked":"Infernal Blade","floor":36},{"not_picked":["Mind Blast","Sadistic Nature"],"picked":"Deep Breath","floor":37},{"not_picked":["Transmutation","Panacea"],"picked":"Dramatic Entrance","floor":37},{"not_picked":["Purity","Dramatic Entrance"],"picked":"Master of Strategy","floor":37},{"not_picked":["Entrench","Sword Boomerang"],"picked":"Headbutt","floor":40}],"player_experience":191473,"potions_floor_usage":[6,10,10,16],"damage_taken":[{"damage":10,"enemies":"Small Slimes","floor":1,"turns":5},{"damage":4,"enemies":"Jaw Worm","floor":3,"turns":3},{"damage":1,"enemies":"2 Louse","floor":5,"turns":2},{"damage":30,"enemies":"Lagavulin","floor":6,"turns":6},{"damage":32,"enemies":"Gremlin Nob","floor":8,"turns":4},{"damage":2,"enemies":"3 Sentries","floor":10,"turns":4},{"damage":0,"enemies":"Blue Slaver","floor":13,"turns":2},{"damage":0,"enemies":"Large Slime","floor":14,"turns":3},{"damage":46,"enemies":"The Guardian","floor":16,"turns":10},{"damage":1,"enemies":"2 Thieves","floor":18,"turns":2},{"damage":1,"enemies":"Shell Parasite","floor":21,"turns":3},{"damage":0,"enemies":"Snake Plant","floor":24,"turns":3},{"damage":0,"enemies":"Gremlin Leader","floor":29,"turns":5},{"damage":0,"enemies":"Chosen and Byrds","floor":30,"turns":4},{"damage":0,"enemies":"Book of Stabbing","floor":31,"turns":5},{"damage":2,"enemies":"Champ","floor":33,"turns":8},{"damage":4,"enemies":"3 Darklings","floor":35,"turns":6},{"damage":2,"enemies":"Orb Walker","floor":36,"turns":4},{"damage":0,"enemies":"Sphere and 2 Shapes","floor":39,"turns":3},{"damage":0,"enemies":"2 Orb Walkers","floor":40,"turns":2},{"damage":0,"enemies":"Awakened One","floor":50,"turns":7}],"event_choices":[{"event_name":"Shining Light","player_choice":"Entered Light","floor":2,"damage_taken":0},{"event_name":"Golden Idol","player_choice":"Lose Max HP","floor":4,"damage_taken":0},{"event_name":"Mushrooms","player_choice":"Healed and dodged fight","floor":11,"damage_taken":0},{"event_name":"Upgrade Shrine","player_choice":"Upgraded","floor":19,"damage_taken":0},{"event_name":"Ghosts","player_choice":"Became a Ghost","floor":20,"damage_taken":0},{"event_name":"Beggar","player_choice":"Ignored","floor":27,"damage_taken":0},{"event_name":"SensoryStone","player_choice":"Memory 3","floor":37,"damage_taken":0},{"event_name":"The Moai Head","player_choice":"Gave Idol","floor":45,"damage_taken":0},{"event_name":"Accursed Blacksmith","player_choice":"Ignore","floor":46,"damage_taken":0},{"event_name":"Winding Halls","player_choice":"Embrace Madness","floor":47,"damage_taken":0}],"boss_relics":[{"not_picked":["Lizard Tail","Velvet Choker"],"picked":"Sozu"},{"not_picked":["Mark of Pain","Snecko Eye"],"picked":"Tiny House"}],"potions_floor_spawned":[3,6,8,14,18,30,31,33,36],"seed_played":"8274425066253086265","ascension_level":4,"is_trial":false}