{"path_per_floor":["M","?","?","M","M","R","E","M","T","E","M","M","$","?","R"],"character_chosen":"IRONCLAD","items_purchased":["Finesse"],"gold_per_floor":[115,115,115,133,150,150,177,197,197,225,236,250,148,148,148,148],"floor_reached":16,"campfire_rested":1,"playtime":503,"current_hp_per_floor":[72,72,72,71,68,68,50,34,34,26,9,15,15,8,29,0],"items_purged":[],"gold":148,"score":185,"play_id":"635cb932-921c-462f-8c85-3c08719025f0","local_time":"20180405195358","is_prod":false,"is_daily":false,"is_ascension_mode":true,"campfire_upgraded":1,"timestamp":1522950838,"path_taken":["M","?","?","?","M","R","E","M","T","E","M","M","$","?","R","BOSS"],"build_version":"2018-03-29v2","purchased_purges":0,"victory":false,"master_deck":["Strike_R","Strike_R","Defend_R","Defend_R","Defend_R","Defend_R","Bash","AscendersBane","Headbutt","Twin Strike+1","Headbutt","Dual Wield","Shockwave","Sentinel","True Grit","Feel No Pain","Disarm","Finesse"],"max_hp_per_floor":[72,72,72,72,72,72,72,72,72,72,72,72,72,72,72,72],"relics":["Burning Blood","Oddly Smooth Stone","Thread and Needle","Pen Nib","Gremlin Horn"],"card_choices":[{"not_picked":["Pommel Strike","Clothesline"],"picked":"Dual Wield","floor":4},{"not_picked":["Clothesline","Thunderclap"],"picked":"Shockwave","floor":5},{"not_picked":["Exhume","Combust"],"picked":"Sentinel","floor":7},{"not_picked":["Pommel Strike","Armaments"],"picked":"True Grit","floor":8},{"not_picked":["Shockwave","Uppercut"],"picked":"Feel No Pain","floor":10},{"not_picked":["Perfected Strike","Fire Breathing"],"picked":"Disarm","floor":12}],"player_experience":330240,"potions_floor_usage":[],"damage_taken":[{"damage":2,"enemies":"2 Louse","floor":1,"turns":3},{"damage":7,"enemies":"Small Slimes","floor":4,"turns":4},{"damage":9,"enemies":"Jaw Worm","floor":5,"turns":3},{"damage":24,"enemies":"Gremlin Nob","floor":7,"turns":4},{"damage":22,"enemies":"Exordium Wildlife","floor":8,"turns":5},{"damage":14,"enemies":"Lagavulin","floor":10,"turns":9},{"damage":23,"enemies":"Exordium Thugs","floor":11,"turns":6},{"damage":0,"enemies":"3 Louse","floor":12,"turns":3},{"damage":30,"enemies":"Slime Boss","floor":16,"turns":3}],"event_choices":[{"event_name":"Living Wall","player_choice":"Change","floor":2,"damage_taken":0},{"event_name":"The Woman in Blue","player_choice":"Bought 0 Potions","floor":3,"damage_taken":0},{"event_name":"Scrap Ooze","player_choice":"success","floor":14,"damage_taken":7}],"boss_relics":[],"potions_floor_spawned":[1,8,11,12],"seed_played":"444564087639202711","killed_by":"Slime Boss","ascension_level":13,"is_trial":false}