{"path_per_floor":["M","?","M","?","?","E","R","E","T","$","M","M","$","M","R","B",null,"M","$","?","?","?","R","E","M","T","R","$","E","?","E","R","B",null,"M","$","M","M","?"],"character_chosen":"IRONCLAD","items_purchased":["Disarm","Shrug It Off"],"gold_per_floor":[111,111,122,122,72,104,104,130,130,55,74,93,25,37,37,112,112,127,27,27,27,27,27,60,73,100,100,49,81,81,113,113,190,190,206,81,91,108,108,108],"floor_reached":40,"campfire_rested":3,"playtime":1744,"current_hp_per_floor":[71,71,70,70,70,27,51,47,47,47,53,49,49,47,47,32,68,66,66,50,50,50,50,23,10,16,41,41,37,37,38,63,55,78,70,70,62,39,39,0],"items_purged":["Defend_R","Strike_R","Clumsy"],"gold":108,"score":743,"play_id":"9a195879-f71d-4fd2-905c-19bb8c17c6cd","local_time":"20180405193658","is_prod":false,"is_daily":false,"is_ascension_mode":true,"campfire_upgraded":2,"timestamp":1522949818,"path_taken":["M","?","M","?","?","E","R","E","T","$","M","M","?","M","R","BOSS","M","$","?","?","?","R","E","M","T","R","?","E","?","E","R","BOSS","M","$","M","M","?","E"],"build_version":"2018-03-29v2","purchased_purges":3,"victory":false,"master_deck":["Strike_R+1","Strike_R+1","Defend_R","Defend_R","Bash","AscendersBane","Flex","Headbutt","Intimidate","Rampage+1","Battle Trance","Disarm","Barricade+1","Shrug It Off","Feel No Pain","Offering","Limit Break","Inflame+1","Shrug It Off"],"max_hp_per_floor":[80,80,80,80,80,80,80,80,80,80,80,80,80,80,80,80,80,80,80,80,80,80,80,80,80,86,86,86,86,86,86,86,86,86,86,86,89,89,89,89],"relics":["Burning Blood","Toolbox","Ginger","Darkstone Periapt","Cursed Key","Nilry\u0027s Codex","Juzu Bracelet","Oddly Smooth Stone","Whetstone","Sundial","Runic Cube"],"card_choices":[{"not_picked":["Evolve","Clothesline"],"picked":"Flex","floor":1},{"not_picked":["Pommel Strike","Rage"],"picked":"Intimidate","floor":3},{"not_picked":["Armaments","Perfected Strike"],"picked":"Metallicize","floor":6},{"not_picked":["True Grit","Disarm"],"picked":"Rampage","floor":8},{"not_picked":["Shrug It Off","Entrench"],"picked":"Battle Trance","floor":12},{"not_picked":["Reaper","Offering"],"picked":"Barricade","floor":16},{"not_picked":["Evolve","Ghostly Armor"],"picked":"Feel No Pain","floor":29},{"not_picked":["Clothesline","Wild Strike"],"picked":"Offering","floor":31},{"not_picked":["Brutality","Berserk"],"picked":"Limit Break","floor":33},{"not_picked":["Pommel Strike","Iron Wave"],"picked":"Inflame","floor":35},{"not_picked":["Headbutt","Fiend Fire"],"picked":"Shrug It Off","floor":38}],"player_experience":328022,"potions_floor_usage":[6,6,8,8,16,18,24,29,29,33,35],"damage_taken":[{"damage":7,"enemies":"Jaw Worm","floor":1,"turns":3},{"damage":7,"enemies":"2 Louse","floor":3,"turns":3},{"damage":61,"enemies":"Lagavulin","floor":6,"turns":8},{"damage":10,"enemies":"Gremlin Nob","floor":8,"turns":4},{"damage":0,"enemies":"Cultist","floor":11,"turns":2},{"damage":10,"enemies":"Looter","floor":12,"turns":3},{"damage":8,"enemies":"3 Louse","floor":14,"turns":3},{"damage":25,"enemies":"The Guardian","floor":16,"turns":8},{"damage":8,"enemies":"3 Byrds","floor":18,"turns":6},{"damage":33,"enemies":"Gremlin Leader","floor":24,"turns":8},{"damage":19,"enemies":"Spheric Guardian","floor":25,"turns":4},{"damage":16,"enemies":"Slavers","floor":29,"turns":6},{"damage":5,"enemies":"Book of Stabbing","floor":31,"turns":6},{"damage":26,"enemies":"Collector","floor":33,"turns":8},{"damage":14,"enemies":"Orb Walker","floor":35,"turns":6},{"damage":17,"enemies":"3 Shapes","floor":37,"turns":5},{"damage":29,"enemies":"Sphere and 2 Shapes","floor":38,"turns":6},{"damage":41,"enemies":"2 Orb Walkers","floor":40,"turns":2}],"event_choices":[{"event_name":"Living Wall","player_choice":"Change","floor":2,"damage_taken":0},{"event_name":"The Woman in Blue","player_choice":"Bought 0 Potions","floor":4,"damage_taken":0},{"event_name":"The Cleric","player_choice":"Card Removal","floor":5,"damage_taken":0},{"event_name":"Cursed Tome","player_choice":"Obtained Book","floor":20,"damage_taken":0},{"event_name":"The Lab","player_choice":"Got Potions","floor":21,"damage_taken":0},{"event_name":"Bonfire Elementals","player_choice":"BASIC","floor":22,"damage_taken":0},{"event_name":"Addict","player_choice":"Ignored","floor":30,"damage_taken":0}],"boss_relics":[{"not_picked":["Black Blood","Ectoplasm"],"picked":"Cursed Key"},{"not_picked":["Runic Pyramid","Philosopher\u0027s Stone"],"picked":"Runic Cube"}],"potions_floor_spawned":[3,6,14,16,31,33],"seed_played":"-2502295323120994316","killed_by":"2 Orb Walkers","ascension_level":13,"is_trial":false}