{"path_per_floor":["M","?","M","$","M","R","?","E","T","E","?","R","M","M","R","B",null,"M","?","$","?","M"],"character_chosen":"IRONCLAD","items_purchased":["Blood Vial","True Grit","Charon\u0027s Ashes"],"gold_per_floor":[361,361,373,104,115,115,95,127,151,177,252,252,272,287,287,366,366,306,306,10,10,28,28],"floor_reached":23,"campfire_rested":1,"playtime":851,"current_hp_per_floor":[68,68,71,71,74,74,74,55,55,33,22,45,49,55,55,16,66,71,71,71,71,73,0],"items_purged":["Strike_R"],"gold":28,"score":345,"play_id":"cd5ec51e-48cc-4600-bfcc-6037bc8b025b","local_time":"20180412205859","is_prod":false,"is_daily":false,"is_ascension_mode":true,"campfire_upgraded":2,"timestamp":1523559539,"path_taken":["M","?","M","$","M","R","?","E","T","E","?","R","?","M","R","BOSS","M","?","$","?","?","E"],"build_version":"2018-04-05v2","purchased_purges":1,"victory":false,"master_deck":["Strike_R","Strike_R","Strike_R","Defend_R","Defend_R","Defend_R","Bash","AscendersBane","Feed","Twin Strike","Battle Trance","True Grit+1","Flame Barrier","Power Through","True Grit","Armaments+1","Disarm","Immolate","Metallicize"],"max_hp_per_floor":[68,68,71,71,74,74,74,77,77,77,77,77,80,83,83,83,83,83,83,83,83,86,86],"relics":["Burning Blood","Blood Vial","Bottled Flame","Vajra","Bag of Preparation","Cursed Key","Charon\u0027s Ashes"],"card_choices":[{"not_picked":["Twin Strike","Carnage"],"picked":"Feed","floor":1},{"not_picked":["Twin Strike","Warcry"],"picked":"Battle Trance","floor":3},{"not_picked":["Pommel Strike","Spot Weakness"],"picked":"Flame Barrier","floor":5},{"not_picked":["Infernal Blade","Flame Barrier"],"picked":"Power Through","floor":8},{"not_picked":["Rage","Pummel"],"picked":"True Grit","floor":10},{"not_picked":["Searing Blow","Cleave"],"picked":"Armaments","floor":13},{"not_picked":["Headbutt","Iron Wave"],"picked":"Disarm","floor":14},{"not_picked":["Berserk","Dark Embrace"],"picked":"Immolate","floor":16},{"not_picked":["Sword Boomerang","Sever Soul"],"picked":"Metallicize","floor":22}],"player_experience":393255,"potions_floor_usage":[8,8,16,16],"damage_taken":[{"damage":4,"enemies":"Small Slimes","floor":1,"turns":4},{"damage":3,"enemies":"Jaw Worm","floor":3,"turns":5},{"damage":2,"enemies":"2 Louse","floor":5,"turns":3},{"damage":28,"enemies":"Gremlin Nob","floor":8,"turns":6},{"damage":30,"enemies":"Lagavulin","floor":10,"turns":7},{"damage":7,"enemies":"Exordium Thugs","floor":13,"turns":5},{"damage":5,"enemies":"Large Slime","floor":14,"turns":4},{"damage":59,"enemies":"Hexaghost","floor":16,"turns":22},{"damage":3,"enemies":"2 Thieves","floor":18,"turns":4},{"damage":9,"enemies":"Spheric Guardian","floor":22,"turns":5},{"damage":92,"enemies":"Gremlin Leader","floor":23,"turns":8}],"event_choices":[{"event_name":"Living Wall","player_choice":"Change","floor":2,"damage_taken":0},{"event_name":"The Woman in Blue","player_choice":"Bought 1 Potion","floor":7,"damage_taken":0},{"event_name":"World of Goop","player_choice":"Gather Gold","floor":11,"damage_taken":0},{"event_name":"N\u0027loth","player_choice":"Ignored","floor":19,"damage_taken":0},{"event_name":"Purifier","player_choice":"One Purge","floor":21,"damage_taken":0}],"boss_relics":[{"not_picked":["Runic Pyramid","Calling Bell"],"picked":"Cursed Key"}],"potions_floor_spawned":[1,13,14],"seed_played":"-6708968906882856052","killed_by":"Gremlin Leader","ascension_level":15,"is_trial":false}