{"path_per_floor":["M","$","?","?","M","R","E","?","T","$","R","E","?","M","R","B",null,"M","M","$","?","?","R","M","?","T","R","E","M","M","$","R","B",null,"M","?","?","M","?","M","R","M","T","T","M","M","$","?","R","B"],"character_chosen":"IRONCLAD","items_purchased":["Bandage Up","Whirlwind","Inflame","Mummified Hand","Master of Strategy"],"gold_per_floor":[109,34,134,84,104,104,137,137,182,82,82,113,91,104,104,202,202,214,226,136,136,136,136,156,71,71,71,98,118,130,20,20,123,123,143,143,143,157,157,174,174,193,193,493,510,523,89,89,89,89],"floor_reached":51,"campfire_rested":5,"playtime":1912,"current_hp_per_floor":[66,66,66,66,60,60,25,9,9,9,33,33,33,33,57,21,65,61,58,58,43,43,43,47,47,47,72,64,44,48,48,73,64,80,76,66,55,48,48,31,56,64,64,64,65,85,85,85,85,79],"items_purged":["Strike_R","Strike_R"],"gold":89,"score":1015,"play_id":"94a85938-d366-469c-83fe-9e1425586a5a","local_time":"20180406152422","is_prod":false,"is_daily":false,"is_ascension_mode":true,"campfire_upgraded":3,"timestamp":1523042662,"path_taken":["M","$","?","?","M","R","E","?","T","?","R","E","?","M","R","BOSS","M","M","$","?","?","R","M","?","T","R","E","?","M","$","R","BOSS","M","?","?","M","?","M","R","M","T","?","?","M","$","?","R","BOSS"],"build_version":"2018-04-05v2","purchased_purges":3,"victory":true,"master_deck":["Bash","Flex+1","Flex+1","Shrug It Off","Dropkick","Battle Trance","Limit Break+1","Uppercut+1","Exhume+1","Heavy Blade+1","Dropkick","Bandage Up","Shrug It Off+1","Offering","Shockwave","Whirlwind","Inflame","Reaper","Iron Wave","Pummel","Dual Wield","Secret Technique+1","Flash of Steel","Bandage Up","Madness","Madness","Rage+1","Flex+1","Spot Weakness+1","Master of Strategy"],"max_hp_per_floor":[80,80,80,80,80,80,80,80,80,80,80,80,80,80,80,80,80,80,80,80,85,85,85,85,85,85,85,85,85,85,85,85,85,85,85,85,85,85,85,85,85,85,85,85,85,85,85,85,85,85],"relics":["Runic Pyramid","Vajra","Art of War","Bottled Flame","Astrolabe","Self Forming Clay","Ice Cream","Mercury Hourglass","Pandora\u0027s Box","Toolbox","Old Coin","Mummified Hand"],"card_choices":[{"not_picked":["Twin Strike","Wild Strike"],"picked":"Flex","floor":1},{"not_picked":["Heavy Blade","Carnage"],"picked":"Flex","floor":5},{"not_picked":["Bludgeon","Ghostly Armor"],"picked":"Shrug It Off","floor":7},{"not_picked":["Entrench","Sever Soul"],"picked":"Dropkick","floor":12},{"not_picked":["Armaments","Wild Strike"],"picked":"Battle Trance","floor":14},{"not_picked":["Barricade","Dark Embrace"],"picked":"Limit Break","floor":16},{"not_picked":["Sentinel","Second Wind"],"picked":"Dropkick","floor":19},{"not_picked":["Dropkick","Rupture"],"picked":"Shrug It Off","floor":24},{"not_picked":["Bloodletting","Clothesline"],"picked":"Offering","floor":28},{"not_picked":["Second Wind","Armaments"],"picked":"Shockwave","floor":30},{"not_picked":["Exhume","Impervious"],"picked":"Reaper","floor":33},{"not_picked":["Mind Blast","Sadistic Nature"],"picked":"Secret Technique","floor":36},{"not_picked":["Panache","Mind Blast"],"picked":"Flash of Steel","floor":36},{"not_picked":["Trip","Panacea"],"picked":"Bandage Up","floor":36},{"not_picked":["Second Wind","Intimidate"],"picked":"Rage","floor":40},{"not_picked":["Sentinel","Twin Strike"],"picked":"Flex","floor":45},{"not_picked":["Barricade","Dropkick"],"picked":"Spot Weakness","floor":46}],"player_experience":207677,"potions_floor_usage":[12,14,16,28,29,33,38,45,45,46],"damage_taken":[{"damage":6,"enemies":"Small Slimes","floor":1,"turns":3},{"damage":6,"enemies":"Cultist","floor":5,"turns":3},{"damage":35,"enemies":"Lagavulin","floor":7,"turns":5},{"damage":15,"enemies":"3 Sentries","floor":12,"turns":11},{"damage":0,"enemies":"2 Louse","floor":14,"turns":2},{"damage":51,"enemies":"The Guardian","floor":16,"turns":8},{"damage":4,"enemies":"Chosen","floor":18,"turns":2},{"damage":3,"enemies":"Spheric Guardian","floor":19,"turns":3},{"damage":0,"enemies":"Snecko","floor":24,"turns":2},{"damage":16,"enemies":"Book of Stabbing","floor":28,"turns":4},{"damage":28,"enemies":"Slaver and Parasite","floor":29,"turns":3},{"damage":4,"enemies":"Centurion and Healer","floor":30,"turns":3},{"damage":13,"enemies":"Automaton","floor":33,"turns":3},{"damage":8,"enemies":"Orb Walker","floor":35,"turns":2},{"damage":19,"enemies":"3 Darklings","floor":38,"turns":4},{"damage":45,"enemies":"4 Shapes","floor":40,"turns":2},{"damage":4,"enemies":"Maw","floor":42,"turns":4},{"damage":28,"enemies":"Sphere and 2 Shapes","floor":45,"turns":3},{"damage":16,"enemies":"3 Darklings","floor":46,"turns":4},{"damage":74,"enemies":"Time Eater","floor":50,"turns":5}],"event_choices":[{"event_name":"Golden Shrine","player_choice":"Pray","floor":3,"damage_taken":0},{"event_name":"The Cleric","player_choice":"Card Removal","floor":4,"damage_taken":0},{"event_name":"Shining Light","player_choice":"Entered Light","floor":8,"damage_taken":0},{"event_name":"World of Goop","player_choice":"Left","floor":13,"damage_taken":0},{"event_name":"Forgotten Altar","player_choice":"Shed Blood","floor":21,"damage_taken":0},{"event_name":"The Lab","player_choice":"Got Potions","floor":22,"damage_taken":0},{"event_name":"Addict","player_choice":"Obtained Relic","floor":25,"damage_taken":0},{"event_name":"SensoryStone","player_choice":"Memory 3","floor":36,"damage_taken":0},{"event_name":"Winding Halls","player_choice":"Embrace Madness","floor":37,"damage_taken":0},{"event_name":"Mysterious Sphere","player_choice":"Ignore","floor":39,"damage_taken":0},{"event_name":"Upgrade Shrine","player_choice":"Upgraded","floor":48,"damage_taken":0}],"boss_relics":[{"not_picked":["Philosopher\u0027s Stone","White Beast Statue"],"picked":"Astrolabe"},{"not_picked":["Velvet Choker","Calling Bell"],"picked":"Pandora\u0027s Box"}],"potions_floor_spawned":[7,12,14,24,29,33,38,40],"seed_played":"98510327647386931","ascension_level":9,"is_trial":false}