{"path_per_floor":["M","$","M","M","M","R","E","M","T","E","M","R","M","M","R","B",null,"M","?","?","M","$","R","?","R","T","M","R","M","$","?","R"],"character_chosen":"IRONCLAD","items_purchased":["Vajra","True Grit","Shrug It Off","Kunai","Perfected Strike"],"gold_per_floor":[216,43,54,72,91,91,126,142,212,239,253,253,263,280,280,379,379,395,395,320,339,70,70,70,70,70,86,86,98,47,47,47,47],"floor_reached":33,"campfire_rested":0,"playtime":973,"current_hp_per_floor":[77,77,78,80,73,73,63,62,62,68,73,73,79,80,80,45,71,67,51,51,57,57,57,57,57,57,56,56,65,65,65,65,0],"items_purged":[],"gold":47,"score":466,"play_id":"91eee046-b198-4c72-92a1-cb9bd667b12f","local_time":"20180407094300","is_prod":false,"is_daily":false,"is_ascension_mode":true,"campfire_upgraded":2,"timestamp":1523108580,"path_taken":["M","$","M","M","M","R","E","M","T","E","M","R","?","M","R","BOSS","M","?","?","?","$","R","?","R","T","M","R","M","$","?","R","BOSS"],"build_version":"2018-04-05v2","purchased_purges":0,"victory":false,"master_deck":["Strike_R+1","Strike_R+1","Strike_R+1","Strike_R+1","Strike_R+1","Defend_R+1","Defend_R+1","Defend_R+1","Defend_R+1","AscendersBane","Perfected Strike","True Grit+1","Sword Boomerang","Perfected Strike","Headbutt","Perfected Strike","Spot Weakness","Perfected Strike","Double Tap","Demon Form","Shrug It Off+1","Shrug It Off","Perfected Strike"],"max_hp_per_floor":[80,80,80,80,80,80,80,80,80,80,80,80,80,80,80,80,80,80,80,80,80,80,80,80,80,80,80,80,80,80,80,80,80],"relics":["Burning Blood","Vajra","Thread and Needle","Mercury Hourglass","Shovel","Bottled Flame","Bottled Lightning","Sozu","Enchiridion","Kunai","Peace Pipe","Magic Flower","Letter Opener","Question Card"],"card_choices":[{"not_picked":["Havoc","Sword Boomerang"],"picked":"Perfected Strike","floor":1},{"not_picked":["Burning Pact","Heavy Blade"],"picked":"Sword Boomerang","floor":3},{"not_picked":["Shrug It Off","Twin Strike"],"picked":"Perfected Strike","floor":4},{"not_picked":["Pommel Strike","True Grit"],"picked":"Headbutt","floor":5},{"not_picked":["Searing Blow","Warcry"],"picked":"Perfected Strike","floor":7},{"not_picked":["Rupture","Body Slam"],"picked":"Spot Weakness","floor":8},{"not_picked":["True Grit","Rampage"],"picked":"Perfected Strike","floor":11},{"not_picked":["Anger","Headbutt"],"picked":"Double Tap","floor":13},{"not_picked":["Bludgeon","Dark Embrace"],"picked":"Demon Form","floor":16},{"not_picked":["Power Through","Twin Strike"],"picked":"Shrug It Off","floor":21}],"player_experience":497364,"potions_floor_usage":[16,33,33],"damage_taken":[{"damage":1,"enemies":"Cultist","floor":1,"turns":4},{"damage":5,"enemies":"Small Slimes","floor":3,"turns":3},{"damage":4,"enemies":"Jaw Worm","floor":4,"turns":3},{"damage":13,"enemies":"3 Louse","floor":5,"turns":3},{"damage":16,"enemies":"Gremlin Nob","floor":7,"turns":4},{"damage":7,"enemies":"Large Slime","floor":8,"turns":5},{"damage":0,"enemies":"3 Sentries","floor":10,"turns":4},{"damage":1,"enemies":"Gremlin Gang","floor":11,"turns":4},{"damage":0,"enemies":"Exordium Wildlife","floor":13,"turns":2},{"damage":0,"enemies":"2 Fungi Beasts","floor":14,"turns":2},{"damage":53,"enemies":"Hexaghost","floor":16,"turns":9},{"damage":10,"enemies":"3 Byrds","floor":18,"turns":4},{"damage":0,"enemies":"2 Thieves","floor":21,"turns":2},{"damage":10,"enemies":"Snake Plant","floor":27,"turns":3},{"damage":0,"enemies":"Snecko","floor":29,"turns":3},{"damage":76,"enemies":"Champ","floor":33,"turns":11}],"event_choices":[{"event_name":"Cursed Tome","player_choice":"Obtained Book","floor":19,"damage_taken":0},{"event_name":"Beggar","player_choice":"Gave Gold","floor":20,"damage_taken":0},{"event_name":"Ghosts","player_choice":"Ignored","floor":24,"damage_taken":0},{"event_name":"Back to Basics","player_choice":"Simplicity","floor":31,"damage_taken":0}],"boss_relics":[{"not_picked":["Pandora\u0027s Box","Runic Dome"],"picked":"Sozu"}],"potions_floor_spawned":[7,10,11,13,27],"seed_played":"-3474139774099061566","killed_by":"Champ","ascension_level":11,"is_trial":false}