{"path_per_floor":["M","?","?","M","M","R","?","M","T","?","R","M","M","M","R","B",null,"M","M","$","?","M"],"character_chosen":"IRONCLAD","items_purchased":["Darkstone Periapt","Rage"],"gold_per_floor":[114,114,189,199,216,216,216,232,257,257,257,269,284,295,295,391,391,409,399,118,33,44,44],"floor_reached":23,"campfire_rested":1,"playtime":1496,"current_hp_per_floor":[71,68,57,63,69,69,53,52,52,52,76,80,80,62,62,39,80,59,38,38,38,31,0],"items_purged":[],"gold":44,"score":185,"play_id":"40f313e6-c800-4dd7-adce-bf561bd89243","local_time":"20180413155332","is_prod":false,"is_daily":false,"chose_seed":false,"is_ascension_mode":false,"campfire_upgraded":2,"timestamp":1523649212,"path_taken":["M","?","?","M","?","R","?","M","T","?","R","M","M","M","R","BOSS","M","M","$","?","M","E"],"build_version":"2018-04-12","seed_source_timestamp":1582379152909,"purchased_purges":0,"victory":false,"master_deck":["Strike_R","Strike_R","Strike_R","Strike_R+1","Strike_R","Defend_R","Defend_R+1","Defend_R+1","Defend_R+1","Bash","Clash","Shrug It Off+1","Rupture+1","Combust","Rampage","Metallicize","Brutality","Twin Strike+1","Rage","Heavy Blade+1"],"max_hp_per_floor":[80,80,80,80,80,80,80,80,80,80,80,80,80,80,80,80,80,80,80,80,80,80,80],"relics":["Burning Blood","Bag of Marbles","Orichalcum","Snecko Eye","Darkstone Periapt","War Paint"],"card_choices":[{"not_picked":["Corruption","Sword Boomerang"],"picked":"Clash","floor":1},{"not_picked":["Sever Soul","Thunderclap"],"picked":"Shrug It Off","floor":4},{"not_picked":["Searing Blow","Entrench"],"picked":"Rupture","floor":8},{"not_picked":["Reckless Charge","Uppercut"],"picked":"Combust","floor":12},{"not_picked":["Carnage","Thunderclap"],"picked":"Rampage","floor":13},{"not_picked":["Warcry","Clothesline"],"picked":"Metallicize","floor":14},{"not_picked":["Impervious","Juggernaut"],"picked":"Brutality","floor":16},{"not_picked":["Shrug It Off","Anger"],"picked":"Twin Strike","floor":19},{"not_picked":["Uppercut","Whirlwind"],"picked":"Heavy Blade","floor":22}],"player_experience":8365,"potions_floor_usage":[18,23],"damage_taken":[{"damage":15,"enemies":"Jaw Worm","floor":1,"turns":4},{"damage":0,"enemies":"2 Louse","floor":4,"turns":3},{"damage":0,"enemies":"Cultist","floor":5,"turns":3},{"damage":7,"enemies":"Blue Slaver","floor":8,"turns":2},{"damage":2,"enemies":"3 Louse","floor":12,"turns":4},{"damage":4,"enemies":"Large Slime","floor":13,"turns":4},{"damage":24,"enemies":"Exordium Thugs","floor":14,"turns":4},{"damage":29,"enemies":"Slime Boss","floor":16,"turns":7},{"damage":27,"enemies":"3 Byrds","floor":18,"turns":5},{"damage":27,"enemies":"2 Thieves","floor":19,"turns":4},{"damage":13,"enemies":"3 Cultists","floor":22,"turns":5},{"damage":33,"enemies":"Gremlin Leader","floor":23,"turns":5}],"event_choices":[{"event_name":"Scrap Ooze","player_choice":"success","floor":2,"damage_taken":3},{"event_name":"World of Goop","player_choice":"Gather Gold","floor":3,"damage_taken":0},{"event_name":"Shining Light","player_choice":"Entered Light","floor":7,"damage_taken":0},{"event_name":"The Lab","player_choice":"Got Potions","floor":10,"damage_taken":0},{"event_name":"Addict","player_choice":"Obtained Relic","floor":21,"damage_taken":0}],"boss_relics":[{"not_picked":["Philosopher\u0027s Stone","Cursed Key"],"picked":"Snecko Eye"}],"potions_floor_spawned":[1,5,12,19,22],"seed_played":"4741660857062052579","killed_by":"Gremlin Leader","ascension_level":0,"is_trial":false}