{"path_per_floor":["M","M","?","M","?","R","M","?","T","M","M","R","M","$","R","B",null,"M","?","$","?","M","R","E","R"],"character_chosen":"IRONCLAD","items_purchased":["Whirlwind","Burning Pact","Trip"],"gold_per_floor":[109,125,125,145,95,95,114,182,182,196,215,215,229,8,8,106,106,116,116,12,12,22,22,50,50,50],"floor_reached":26,"campfire_rested":1,"playtime":628,"current_hp_per_floor":[80,80,80,80,80,80,80,80,80,73,70,70,54,54,54,50,80,76,67,67,72,47,47,28,52,52],"items_purged":["Combust"],"gold":50,"score":268,"play_id":"1ad42820-7f5f-4428-a5cf-0318d7a95522","local_time":"20180408123751","is_prod":false,"is_daily":false,"is_ascension_mode":false,"campfire_upgraded":4,"timestamp":1523209071,"path_taken":["M","?","?","M","?","R","?","?","T","M","M","R","M","$","R","BOSS","M","?","$","?","M","R","E","R","T"],"build_version":"2018-04-05v2","purchased_purges":1,"victory":false,"master_deck":["Bash","Clothesline","Heavy Blade","Power Through","Sword Boomerang","Sentinel","Cleave+1","Flex+1","Flex+1","Spot Weakness","Offering","Headbutt","Whirlwind+1","Burning Pact","Limit Break","Trip","Warcry+1","Battle Trance+1"],"max_hp_per_floor":[80,80,80,80,80,80,80,80,80,80,80,80,80,80,80,80,80,80,80,80,80,80,80,80,80,80],"relics":["Pandora\u0027s Box","Ginger"],"card_choices":[{"not_picked":["Infernal Blade","Thunderclap"],"picked":"Flex","floor":1},{"not_picked":["Dual Wield","Sword Boomerang"],"picked":"Flex","floor":2},{"not_picked":["Pommel Strike","Second Wind"],"picked":"Spot Weakness","floor":4},{"not_picked":["Clothesline","Perfected Strike"],"picked":"Offering","floor":11},{"not_picked":["Twin Strike","Searing Blow"],"picked":"Headbutt","floor":13},{"not_picked":["Exhume","Feed"],"picked":"Limit Break","floor":16},{"not_picked":["Clothesline","Cleave"],"picked":"Warcry","floor":22},{"not_picked":["Corruption","Spot Weakness"],"picked":"Battle Trance","floor":24}],"player_experience":435791,"potions_floor_usage":[24],"damage_taken":[{"damage":0,"enemies":"Cultist","floor":1,"turns":2},{"damage":0,"enemies":"Jaw Worm","floor":2,"turns":2},{"damage":0,"enemies":"Small Slimes","floor":4,"turns":2},{"damage":0,"enemies":"3 Louse","floor":7,"turns":1},{"damage":7,"enemies":"2 Fungi Beasts","floor":10,"turns":3},{"damage":3,"enemies":"Red Slaver","floor":11,"turns":3},{"damage":16,"enemies":"Blue Slaver","floor":13,"turns":2},{"damage":4,"enemies":"Slime Boss","floor":16,"turns":6},{"damage":4,"enemies":"Spheric Guardian","floor":18,"turns":2},{"damage":25,"enemies":"3 Byrds","floor":22,"turns":3},{"damage":22,"enemies":"Gremlin Leader","floor":24,"turns":2}],"event_choices":[{"event_name":"Liars Game","player_choice":"disagreed","floor":3,"damage_taken":0},{"event_name":"The Cleric","player_choice":"Card Removal","floor":5,"damage_taken":0},{"event_name":"Golden Wing","player_choice":"Gained Gold","floor":8,"damage_taken":0},{"event_name":"Cursed Tome","player_choice":"Stopped","floor":19,"damage_taken":0},{"event_name":"Bonfire Elementals","player_choice":"COMMON","floor":21,"damage_taken":0}],"boss_relics":[{"not_picked":["White Beast Statue","Lizard Tail","Velvet Choker"]}],"potions_floor_spawned":[1,2,4,11,16,22],"seed_played":"-3746859506997015842","ascension_level":0,"is_trial":false}