{"path_per_floor":["M","M","M","M","$","R","?","R","T","?","?","E","M","M","R","B",null,"M","M","T","M","$","R","E","R","T","M","M","?","$","M","R","B",null,"M","M","M","M","$","R","M","R","T","?","?","?","M","M","R"],"character_chosen":"IRONCLAD","items_purchased":["Shrug It Off","Lantern"],"gold_per_floor":[117,131,147,166,37,37,0,0,24,24,24,54,24,42,42,146,146,161,181,181,200,45,45,78,78,78,89,105,105,5,21,21,118,118,136,151,162,173,48,48,68,68,68,0,0,0,11,29,29,29],"floor_reached":50,"campfire_rested":6,"playtime":2357,"current_hp_per_floor":[64,61,64,55,55,55,55,55,55,55,55,28,30,28,53,37,74,65,58,58,54,54,54,36,63,63,71,79,63,63,58,86,32,82,82,91,51,44,44,75,45,77,77,77,77,77,76,40,73,0],"items_purged":["Strike_R","Strike_R","Strike_R"],"gold":29,"score":772,"play_id":"3ea06e68-a9b2-45bc-bac8-c914a9968935","local_time":"20180407225304","is_prod":false,"is_daily":false,"is_ascension_mode":true,"campfire_upgraded":3,"timestamp":1523155984,"path_taken":["M","M","M","M","$","R","?","R","T","?","?","E","M","?","R","BOSS","M","M","?","M","$","R","E","R","T","?","M","?","$","M","R","BOSS","M","?","M","M","$","R","M","R","T","?","?","?","?","M","R","BOSS"],"build_version":"2018-04-05v2","purchased_purges":3,"victory":false,"master_deck":["Defend_R","Defend_R","Defend_R","Defend_R","Bash","AscendersBane","Shrug It Off","Sword Boomerang+1","Demon Form+1","Shrug It Off+1","Shrug It Off","Double Tap+1","Ghostly Armor+1","Whirlwind"],"max_hp_per_floor":[80,80,80,80,80,80,80,80,80,80,80,82,84,86,86,86,86,88,88,88,90,90,90,90,90,90,92,94,94,94,96,96,98,98,100,102,104,106,106,106,108,108,108,108,108,108,110,112,112,112],"relics":["Black Blood","Singing Bowl","Champion Belt","Toxic Egg 2","Sozu","Red Skull","Lantern","Girya","Gambling Chip","Enchiridion","Dead Branch","Red Mask"],"card_choices":[{"not_picked":["Rupture","Cleave"],"picked":"Shrug It Off","floor":1},{"not_picked":["Wild Strike","Dual Wield"],"picked":"Sword Boomerang","floor":2},{"not_picked":["Heavy Blade","Havoc"],"picked":"Demon Form","floor":3},{"not_picked":["Perfected Strike","Power Through"],"picked":"Shrug It Off","floor":4},{"not_picked":["Immolate","Reaper"],"picked":"Double Tap","floor":16},{"not_picked":["Twin Strike","Warcry"],"picked":"Ghostly Armor","floor":19},{"not_picked":["Pommel Strike","Sever Soul"],"picked":"Whirlwind","floor":24}],"player_experience":505849,"potions_floor_usage":[21,24,24],"damage_taken":[{"damage":14,"enemies":"2 Louse","floor":1,"turns":4},{"damage":9,"enemies":"Small Slimes","floor":2,"turns":5},{"damage":3,"enemies":"Jaw Worm","floor":3,"turns":5},{"damage":15,"enemies":"2 Fungi Beasts","floor":4,"turns":4},{"damage":35,"enemies":"Lagavulin","floor":12,"turns":6},{"damage":6,"enemies":"Looter","floor":13,"turns":4},{"damage":10,"enemies":"3 Louse","floor":14,"turns":9},{"damage":22,"enemies":"Slime Boss","floor":16,"turns":6},{"damage":17,"enemies":"Shell Parasite","floor":18,"turns":6},{"damage":13,"enemies":"Spheric Guardian","floor":19,"turns":5},{"damage":12,"enemies":"Snake Plant","floor":21,"turns":5},{"damage":24,"enemies":"Gremlin Leader","floor":24,"turns":7},{"damage":0,"enemies":"Cultist and Chosen","floor":27,"turns":4},{"damage":0,"enemies":"Chosen and Byrds","floor":28,"turns":5},{"damage":13,"enemies":"Snecko","floor":31,"turns":5},{"damage":62,"enemies":"Collector","floor":33,"turns":9},{"damage":12,"enemies":"3 Shapes","floor":35,"turns":5},{"damage":3,"enemies":"Orb Walker","floor":36,"turns":4},{"damage":52,"enemies":"Sphere and 2 Shapes","floor":37,"turns":9},{"damage":19,"enemies":"3 Darklings","floor":38,"turns":6},{"damage":42,"enemies":"Maw","floor":41,"turns":6},{"damage":13,"enemies":"Sphere and 2 Shapes","floor":47,"turns":4},{"damage":48,"enemies":"4 Shapes","floor":48,"turns":6},{"damage":74,"enemies":"Time Eater","floor":50,"turns":6}],"event_choices":[{"event_name":"World of Goop","player_choice":"Left","floor":7,"damage_taken":0},{"event_name":"Dead Adventurer","player_choice":"Searched \u00271\u0027 times","floor":10,"damage_taken":0},{"event_name":"The Cleric","player_choice":"Leave","floor":11,"damage_taken":0},{"event_name":"Cursed Tome","player_choice":"Obtained Book","floor":29,"damage_taken":0},{"event_name":"Tomb of Lord Red Mask","player_choice":"Paid","floor":44,"damage_taken":0},{"event_name":"Bonfire Elementals","player_choice":"BASIC","floor":46,"damage_taken":0}],"boss_relics":[{"not_picked":["White Beast Statue","Ectoplasm"],"picked":"Sozu"},{"not_picked":["Runic Pyramid","Calling Bell"],"picked":"Black Blood"}],"potions_floor_spawned":[1,14,16,18,24,33,35,36,38,48],"seed_played":"-7774490713286041874","killed_by":"Time Eater","ascension_level":11,"is_trial":false}