{"path_per_floor":["M","?","?","M","?","E","?","M","T","E","R","M","E","M","R"],"character_chosen":"IRONCLAD","items_purchased":[],"gold_per_floor":[119,194,194,204,204,238,238,258,258,587,587,599,630,640,640,640],"floor_reached":16,"campfire_rested":2,"playtime":504,"current_hp_per_floor":[74,63,63,69,62,68,68,74,74,38,60,45,17,11,33,0],"items_purged":[],"gold":640,"score":254,"play_id":"8220b755-3543-4e9e-9bae-ab06a6956dc6","local_time":"20180412201409","is_prod":false,"is_daily":false,"is_ascension_mode":true,"campfire_upgraded":0,"timestamp":1523556849,"path_taken":["M","?","?","M","?","E","?","?","T","E","R","M","E","M","R","BOSS"],"build_version":"2018-04-05v2","purchased_purges":0,"victory":false,"master_deck":["Strike_R","Strike_R","Strike_R","Strike_R","Defend_R","Defend_R","Defend_R","Defend_R","Bash","AscendersBane","Flame Barrier+1","True Grit","Spot Weakness","Clothesline","Seeing Red","Havoc"],"max_hp_per_floor":[75,75,75,75,75,75,75,75,75,75,75,75,75,75,75,75],"relics":["Burning Blood","NeowsBlessing","Toolbox","Sundial","Old Coin","Shovel"],"card_choices":[{"not_picked":["Twin Strike","Corruption"],"picked":"Flame Barrier","floor":1},{"not_picked":["Sentinel","Warcry"],"picked":"True Grit","floor":4},{"not_picked":["Pommel Strike","Perfected Strike"],"picked":"Spot Weakness","floor":6},{"not_picked":["Power Through","Uppercut"],"picked":"Clothesline","floor":10},{"not_picked":["Headbutt","Sword Boomerang"],"picked":"Seeing Red","floor":13},{"not_picked":["Pommel Strike","Power Through"],"picked":"Havoc","floor":14}],"player_experience":390980,"potions_floor_usage":[10,10,16],"damage_taken":[{"damage":0,"enemies":"Small Slimes","floor":1,"turns":1},{"damage":0,"enemies":"Jaw Worm","floor":4,"turns":1},{"damage":0,"enemies":"Lagavulin","floor":6,"turns":2},{"damage":0,"enemies":"Cultist","floor":8,"turns":4},{"damage":46,"enemies":"3 Sentries","floor":10,"turns":13},{"damage":21,"enemies":"3 Louse","floor":12,"turns":5},{"damage":34,"enemies":"Gremlin Nob","floor":13,"turns":6},{"damage":12,"enemies":"Large Slime","floor":14,"turns":7},{"damage":41,"enemies":"Slime Boss","floor":16,"turns":8}],"event_choices":[{"event_name":"World of Goop","player_choice":"Gather Gold","floor":2,"damage_taken":0},{"event_name":"Accursed Blacksmith","player_choice":"Forge","floor":3,"damage_taken":0},{"event_name":"Golden Wing","player_choice":"Card Removal","floor":5,"damage_taken":0},{"event_name":"Match and Keep!","player_choice":"0 cards matched","floor":7,"damage_taken":0}],"boss_relics":[],"potions_floor_spawned":[6,8,13],"seed_played":"-5568912129709680748","killed_by":"Slime Boss","ascension_level":15,"is_trial":false}