{"path_per_floor":["M","?","M","$","M","R","E","R","T","R","M","$","?","M","R","B",null,"M","?","?","M","$","R","$","R","T","M","?","$","?","E","R","B",null,"M","$","?","?","M","R","?","E","T","T","M","?","E","?","R"],"character_chosen":"IRONCLAD","items_purchased":["Rampage","Battle Trance"],"gold_per_floor":[110,110,124,13,23,23,55,55,82,82,99,24,24,35,35,132,132,145,70,70,88,88,88,88,88,162,180,180,80,80,109,109,214,214,232,107,107,107,122,122,122,150,177,177,190,190,224,224,224,224],"floor_reached":50,"campfire_rested":3,"playtime":1298,"current_hp_per_floor":[72,72,66,66,66,66,51,51,58,58,58,58,41,41,67,48,77,71,71,71,54,54,54,54,54,54,68,68,68,68,65,65,3,66,44,44,44,44,38,79,79,62,62,62,65,65,39,27,69,0],"items_purged":["Strike_R","Doubt","Strike_R"],"gold":224,"score":806,"play_id":"7a92d0e9-6e69-4f02-949c-0396fbe98fec","local_time":"20180408194258","is_prod":false,"is_daily":false,"is_ascension_mode":true,"campfire_upgraded":6,"timestamp":1523230978,"path_taken":["M","?","M","$","M","R","E","R","T","R","M","?","?","M","R","BOSS","M","?","?","?","$","R","$","R","T","M","?","$","?","E","R","BOSS","M","$","?","?","M","R","?","E","T","?","M","?","E","?","R","BOSS"],"build_version":"2018-04-05v2","purchased_purges":4,"victory":false,"master_deck":["Strike_R","Defend_R+1","Defend_R","Defend_R","Defend_R","Bash+1","AscendersBane","Pommel Strike+1","Pommel Strike+1","Rampage+1","Battle Trance+1","Shockwave+1","Headbutt+1","Whirlwind+1","Reaper+1","Demon Form+1","Feed","Whirlwind+1","Feed","Pain","Injury","Regret","Blind","Flex+1","Madness","Madness"],"max_hp_per_floor":[80,80,80,80,80,80,80,80,87,87,87,87,87,87,87,87,87,87,87,87,87,87,87,87,87,87,87,87,87,87,87,87,87,87,87,87,87,87,87,87,87,87,87,87,90,90,93,93,93,93],"relics":["Velvet Choker","War Paint","Cursed Key","Nloth\u0027s Gift","Paper Frog","Regal Pillow","Black Star","Letter Opener","Sundial","Ice Cream","Juzu Bracelet","Shovel","Champion Belt","Ginger"],"card_choices":[{"not_picked":["Power Through","Thunderclap"],"picked":"Pommel Strike","floor":3},{"not_picked":["Fiend Fire","True Grit"],"picked":"Shockwave","floor":5},{"not_picked":["Body Slam","Infernal Blade"],"picked":"Headbutt","floor":7},{"not_picked":["Anger","Sword Boomerang"],"picked":"Whirlwind","floor":11},{"not_picked":["Barricade","Berserk"],"picked":"Reaper","floor":16},{"not_picked":["Heavy Blade","Clothesline"],"picked":"Flex","floor":18},{"not_picked":["Cleave","Evolve"],"picked":"Demon Form","floor":31},{"not_picked":["Dark Embrace","Offering"],"picked":"Feed","floor":33},{"not_picked":["Wild Strike","Offering"],"picked":"Whirlwind","floor":35},{"not_picked":["Impervious","Clothesline"],"picked":"Feed","floor":42},{"not_picked":["Body Slam","Power Through"],"picked":"Flex","floor":47}],"player_experience":232957,"potions_floor_usage":[16,16,31,31,42,42,47,50],"damage_taken":[{"damage":0,"enemies":"Small Slimes","floor":1,"turns":2},{"damage":6,"enemies":"2 Louse","floor":3,"turns":3},{"damage":0,"enemies":"Cultist","floor":5,"turns":2},{"damage":15,"enemies":"Gremlin Nob","floor":7,"turns":3},{"damage":0,"enemies":"3 Louse","floor":11,"turns":3},{"damage":0,"enemies":"Blue Slaver","floor":14,"turns":2},{"damage":19,"enemies":"The Guardian","floor":16,"turns":6},{"damage":6,"enemies":"Spheric Guardian","floor":18,"turns":3},{"damage":25,"enemies":"2 Thieves","floor":21,"turns":3},{"damage":0,"enemies":"3 Cultists","floor":27,"turns":3},{"damage":15,"enemies":"Book of Stabbing","floor":31,"turns":3},{"damage":80,"enemies":"Collector","floor":33,"turns":7},{"damage":43,"enemies":"3 Darklings","floor":35,"turns":4},{"damage":6,"enemies":"Orb Walker","floor":39,"turns":2},{"damage":34,"enemies":"2 Orb Walkers","floor":42,"turns":3},{"damage":16,"enemies":"Sphere and 2 Shapes","floor":45,"turns":3},{"damage":52,"enemies":"Giant Head","floor":47,"turns":6},{"damage":77,"enemies":"Time Eater","floor":50,"turns":6}],"event_choices":[{"event_name":"Living Wall","player_choice":"Change","floor":2,"damage_taken":0},{"event_name":"Shining Light","player_choice":"Entered Light","floor":13,"damage_taken":0},{"event_name":"Beggar","player_choice":"Gave Gold","floor":19,"damage_taken":0},{"event_name":"N\u0027loth","player_choice":"Traded a Strawberry","floor":20,"damage_taken":0},{"event_name":"Vampires","player_choice":"Ignored","floor":28,"damage_taken":0},{"event_name":"Upgrade Shrine","player_choice":"Upgraded","floor":30,"damage_taken":0},{"event_name":"Wheel of Change","player_choice":"Relic","floor":38,"damage_taken":0},{"event_name":"Tomb of Lord Red Mask","player_choice":"Ignored","floor":41,"damage_taken":0},{"event_name":"Match and Keep!","player_choice":"2 cards matched","floor":46,"damage_taken":0},{"event_name":"Winding Halls","player_choice":"Embrace Madness","floor":48,"damage_taken":0}],"boss_relics":[{"not_picked":["Philosopher\u0027s Stone","Lizard Tail"],"picked":"Cursed Key"},{"not_picked":["Mark of Pain","Snecko Eye"],"picked":"Black Star"}],"potions_floor_spawned":[1,5,16,27,33,39,45,47],"seed_played":"7976201098532467787","killed_by":"Time Eater","ascension_level":10,"is_trial":false}