{"path_per_floor":["M","$","M","M","M","E","?","R","T","M","?","M","$","M","R","B",null,"M","M","?","$","M","R","?","E","T","R"],"character_chosen":"IRONCLAD","items_purchased":[],"gold_per_floor":[112,37,47,63,76,105,105,105,105,116,116,127,27,38,38,137,137,137,137,137,12,12,12,12,12,12,12,12],"floor_reached":28,"campfire_rested":2,"playtime":901,"current_hp_per_floor":[69,69,69,68,63,51,51,51,51,52,52,52,52,46,46,55,74,67,61,61,61,51,75,75,8,8,32,0],"items_purged":["Strike_R","Strike_R","Strike_R"],"gold":12,"score":372,"play_id":"9352ba4e-669e-40f8-89fa-8ef6829b3857","local_time":"20180409083153","is_prod":false,"is_daily":false,"is_ascension_mode":true,"campfire_upgraded":2,"timestamp":1523277113,"path_taken":["M","$","M","M","M","E","?","R","T","M","?","?","?","?","R","BOSS","M","M","?","$","M","R","?","E","T","R","?"],"build_version":"2018-04-05v2","purchased_purges":4,"victory":false,"master_deck":["Strike_R","Defend_R","Defend_R","Defend_R","Defend_R","Bash+1","AscendersBane","Cleave","Shrug It Off+1","Body Slam+1","Sword Boomerang","Flame Barrier","Metallicize","Demon Form+1","Heavy Blade"],"max_hp_per_floor":[80,80,80,80,80,80,80,80,80,80,80,80,80,80,80,80,80,80,80,80,80,80,80,80,80,80,80,80],"relics":["Burning Blood","Pantograph","Prayer Wheel","Ectoplasm","Charon\u0027s Ashes","Old Coin"],"card_choices":[{"not_picked":["Armaments","Anger"],"picked":"Cleave","floor":3},{"not_picked":["Body Slam","Clothesline"],"picked":"Shrug It Off","floor":4},{"not_picked":["Bloodletting","Carnage"],"picked":"Body Slam","floor":5},{"not_picked":["Combust","Thunderclap"],"picked":"Sword Boomerang","floor":6},{"not_picked":["Evolve","Blood for Blood"],"picked":"Flame Barrier","floor":10},{"not_picked":["Entrench","Headbutt"],"picked":"Demon Form","floor":12},{"not_picked":["Warcry","Impervious"],"picked":"Heavy Blade","floor":22}],"player_experience":513113,"potions_floor_usage":[10,16,25,25],"damage_taken":[{"damage":9,"enemies":"Jaw Worm","floor":1,"turns":4},{"damage":6,"enemies":"Cultist","floor":3,"turns":4},{"damage":7,"enemies":"2 Louse","floor":4,"turns":2},{"damage":11,"enemies":"2 Fungi Beasts","floor":5,"turns":3},{"damage":18,"enemies":"3 Sentries","floor":6,"turns":10},{"damage":5,"enemies":"Red Slaver","floor":10,"turns":3},{"damage":6,"enemies":"Exordium Wildlife","floor":12,"turns":4},{"damage":12,"enemies":"Gremlin Gang","floor":14,"turns":6},{"damage":22,"enemies":"The Guardian","floor":16,"turns":11},{"damage":13,"enemies":"Shell Parasite","floor":18,"turns":5},{"damage":12,"enemies":"Chosen","floor":19,"turns":5},{"damage":16,"enemies":"Centurion and Healer","floor":22,"turns":6},{"damage":73,"enemies":"Slavers","floor":25,"turns":5},{"damage":39,"enemies":"Snake Plant","floor":28,"turns":4}],"event_choices":[{"event_name":"The Lab","player_choice":"Got Potions","floor":7,"damage_taken":0},{"event_name":"Transmorgrifier","player_choice":"Transform","floor":11,"damage_taken":0},{"event_name":"Upgrade Shrine","player_choice":"Upgraded","floor":20,"damage_taken":0},{"event_name":"Beggar","player_choice":"Ignored","floor":24,"damage_taken":0}],"boss_relics":[{"not_picked":["Pandora\u0027s Box","Runic Dome"],"picked":"Ectoplasm"}],"potions_floor_spawned":[1,5,12,14],"seed_played":"-807337857737976785","killed_by":"Snake Plant","ascension_level":11,"is_trial":false}