{"path_per_floor":["M","?","M","M","$","R","M","R","T","R","E","M","?","?","R","B",null,"M","M","M","M","?","R"],"character_chosen":"IRONCLAD","items_purchased":["Body Slam","True Grit"],"gold_per_floor":[119,119,134,152,6,6,18,18,67,67,101,112,112,167,167,245,245,235,252,263,282,282,282,282],"floor_reached":24,"campfire_rested":2,"playtime":999,"current_hp_per_floor":[59,59,60,58,58,58,60,60,60,60,30,36,36,36,58,10,59,55,60,37,27,27,49,0],"items_purged":["Strike_R"],"gold":282,"score":347,"play_id":"ff0c4bc8-309c-462b-8075-87943412eada","local_time":"20180413204324","is_prod":false,"is_daily":false,"chose_seed":false,"is_ascension_mode":true,"campfire_upgraded":3,"timestamp":1523645004,"path_taken":["M","?","M","M","?","R","?","R","T","R","E","M","?","?","R","BOSS","M","M","M","M","?","R","E"],"build_version":"2018-04-12","seed_source_timestamp":40972487034761,"purchased_purges":1,"victory":false,"master_deck":["Bash","AscendersBane","True Grit","Flame Barrier+1","Body Slam+1","True Grit+1","Clothesline","Reckless Charge","Impervious","Clash","Blood for Blood","Clash","Second Wind","Twin Strike","Flame Barrier","Sentinel","Disarm","Metallicize+1"],"max_hp_per_floor":[75,75,75,75,75,75,75,75,75,75,75,75,75,75,75,75,75,75,75,75,75,75,75,75],"relics":["Burning Blood","Lantern","Gambling Chip","Pandora\u0027s Box"],"card_choices":[{"not_picked":["Iron Wave","Power Through"],"picked":"True Grit","floor":1},{"not_picked":["Combust","Shrug It Off"],"picked":"Flame Barrier","floor":3},{"not_picked":["Combust","Havoc"],"picked":"Clothesline","floor":7},{"not_picked":["Havoc","Combust"],"picked":"Reckless Charge","floor":12},{"not_picked":["Double Tap","Reaper"],"picked":"Impervious","floor":16},{"not_picked":["Warcry","Body Slam"],"picked":"Disarm","floor":18},{"not_picked":["Anger","Cleave"],"picked":"Metallicize","floor":19}],"player_experience":409224,"potions_floor_usage":[7,16,16,24],"damage_taken":[{"damage":15,"enemies":"Jaw Worm","floor":1,"turns":5},{"damage":5,"enemies":"2 Louse","floor":3,"turns":4},{"damage":8,"enemies":"Cultist","floor":4,"turns":5},{"damage":4,"enemies":"Gremlin Gang","floor":7,"turns":5},{"damage":36,"enemies":"Gremlin Nob","floor":11,"turns":5},{"damage":0,"enemies":"Blue Slaver","floor":12,"turns":4},{"damage":54,"enemies":"The Guardian","floor":16,"turns":20},{"damage":10,"enemies":"2 Thieves","floor":18,"turns":4},{"damage":1,"enemies":"Spheric Guardian","floor":19,"turns":4},{"damage":29,"enemies":"Chosen and Byrds","floor":20,"turns":11},{"damage":16,"enemies":"Snake Plant","floor":21,"turns":6},{"damage":51,"enemies":"Gremlin Leader","floor":24,"turns":7}],"event_choices":[{"event_name":"Shining Light","player_choice":"Ignored","floor":2,"damage_taken":0},{"event_name":"Match and Keep!","player_choice":"0 cards matched","floor":13,"damage_taken":0},{"event_name":"Golden Wing","player_choice":"Gained Gold","floor":14,"damage_taken":0},{"event_name":"Purifier","player_choice":"One Purge","floor":22,"damage_taken":0}],"boss_relics":[{"not_picked":["Runic Pyramid","Snecko Eye"],"picked":"Pandora\u0027s Box"}],"potions_floor_spawned":[3,7,11,12,20,21],"seed_played":"-1121182436694886838","killed_by":"Gremlin Leader","ascension_level":15,"is_trial":false}