{"path_per_floor":["M","M","M","M","?","E","R","E","T","?","$","R","M","E","R"],"character_chosen":"IRONCLAD","items_purchased":["Juzu Bracelet"],"gold_per_floor":[111,122,132,151,151,177,177,208,232,232,76,76,86,115,115,115],"floor_reached":16,"campfire_rested":3,"playtime":602,"current_hp_per_floor":[71,67,64,75,75,28,52,10,10,10,10,34,20,9,33,0],"items_purged":[],"gold":115,"score":180,"play_id":"569f0171-28ca-41f9-b89f-da7b721587f4","local_time":"20180406201801","is_prod":false,"is_daily":false,"is_ascension_mode":true,"campfire_upgraded":0,"timestamp":1523060281,"path_taken":["M","M","?","M","?","E","R","E","T","?","$","R","M","E","R","BOSS"],"build_version":"2018-04-05v2","purchased_purges":0,"victory":false,"master_deck":["Strike_R","Strike_R","Strike_R","Strike_R","Strike_R","Defend_R","Defend_R","Defend_R","Defend_R","Bash","AscendersBane","Corruption","Reaper","Ghostly Armor","Pummel","Uppercut","Headbutt","Offering","Dropkick","Battle Trance","Dropkick","Flex"],"max_hp_per_floor":[80,80,80,80,80,80,80,80,80,80,80,80,80,80,80,80],"relics":["Black Star","Calipers","Bird Faced Urn","Bag of Marbles","Dream Catcher","Oddly Smooth Stone","Juzu Bracelet","Singing Bowl","Omamori"],"card_choices":[{"not_picked":["Carnage","Second Wind"],"picked":"Corruption","floor":1},{"not_picked":["Thunderclap","Ghostly Armor"],"picked":"Reaper","floor":2},{"not_picked":["True Grit","Clash"],"picked":"Ghostly Armor","floor":3},{"not_picked":["Corruption","Blood for Blood"],"picked":"Pummel","floor":4},{"not_picked":["Pommel Strike","Anger"],"picked":"Uppercut","floor":6},{"not_picked":["Havoc","Body Slam"],"picked":"Headbutt","floor":8},{"not_picked":["Perfected Strike","Anger"],"picked":"Dropkick","floor":12},{"not_picked":["Perfected Strike","Hemokinesis"],"picked":"Battle Trance","floor":13},{"not_picked":["Dual Wield","Power Through"],"picked":"Dropkick","floor":14},{"not_picked":["Carnage","Rupture"],"picked":"Flex","floor":15}],"player_experience":215502,"potions_floor_usage":[4,6,6,6,14],"damage_taken":[{"damage":1,"enemies":"Cultist","floor":1,"turns":3},{"damage":4,"enemies":"Small Slimes","floor":2,"turns":4},{"damage":7,"enemies":"2 Louse","floor":3,"turns":3},{"damage":1,"enemies":"2 Fungi Beasts","floor":4,"turns":4},{"damage":47,"enemies":"Lagavulin","floor":6,"turns":9},{"damage":56,"enemies":"3 Sentries","floor":8,"turns":12},{"damage":14,"enemies":"Red Slaver","floor":13,"turns":2},{"damage":17,"enemies":"Gremlin Nob","floor":14,"turns":4},{"damage":45,"enemies":"Hexaghost","floor":16,"turns":7}],"event_choices":[{"event_name":"The Lab","player_choice":"Got Potions","floor":5,"damage_taken":0},{"event_name":"Match and Keep!","player_choice":"1 cards matched","floor":10,"damage_taken":0}],"boss_relics":[],"potions_floor_spawned":[1,2,13],"seed_played":"-6515649608263441280","killed_by":"Hexaghost","ascension_level":10,"is_trial":false}