{"path_per_floor":["M","?","M","M","M","R","E","R","T","E","M","R","?","?","R","B",null,"M","$","?","M","$","R"],"character_chosen":"IRONCLAD","items_purchased":["Uppercut","Battle Trance"],"gold_per_floor":[118,118,136,149,162,162,195,195,220,251,264,264,214,214,214,312,312,329,177,177,192,56,56,56],"floor_reached":24,"campfire_rested":3,"playtime":690,"current_hp_per_floor":[65,70,70,65,60,60,34,59,59,34,35,60,60,60,60,20,69,47,47,47,33,33,58,0],"items_purged":["Strike_R","Strike_R"],"gold":56,"score":316,"play_id":"aa3f84a0-b959-43db-9051-67ffe4bf3d14","local_time":"20180407145747","is_prod":false,"is_daily":false,"is_ascension_mode":true,"campfire_upgraded":2,"timestamp":1523127467,"path_taken":["M","?","M","M","M","R","E","R","T","E","M","R","?","?","R","BOSS","M","$","?","M","$","R","E"],"build_version":"2018-04-05v2","purchased_purges":2,"victory":false,"master_deck":["Strike_R","Defend_R","Defend_R","Defend_R+1","Defend_R+1","Bash","AscendersBane","Pommel Strike","Sword Boomerang+1","Pommel Strike+1","Impervious","Shrug It Off","Uppercut+1","Seeing Red","Battle Trance"],"max_hp_per_floor":[80,85,85,85,85,85,85,85,85,85,85,85,85,85,85,85,85,85,85,85,85,85,85,85],"relics":["Burning Blood","Bronze Scales","Darkstone Periapt","Bag of Marbles","War Paint","White Beast Statue"],"card_choices":[{"not_picked":["Dual Wield","Armaments"],"picked":"Pommel Strike","floor":3},{"not_picked":["Rupture","Seeing Red"],"picked":"Sword Boomerang","floor":4},{"not_picked":["Reckless Charge","Twin Strike"],"picked":"Pommel Strike","floor":11},{"not_picked":["Exhume","Berserk"],"picked":"Impervious","floor":16},{"not_picked":["Hemokinesis","Headbutt"],"picked":"Shrug It Off","floor":18},{"not_picked":["Ghostly Armor","Flex"],"picked":"Seeing Red","floor":21}],"player_experience":502237,"potions_floor_usage":[10,11,16,24,24],"damage_taken":[{"damage":13,"enemies":"2 Louse","floor":1,"turns":3},{"damage":6,"enemies":"Jaw Worm","floor":3,"turns":5},{"damage":11,"enemies":"Small Slimes","floor":4,"turns":3},{"damage":11,"enemies":"3 Louse","floor":5,"turns":3},{"damage":32,"enemies":"Gremlin Nob","floor":7,"turns":4},{"damage":43,"enemies":"3 Sentries","floor":10,"turns":9},{"damage":5,"enemies":"Gremlin Gang","floor":11,"turns":4},{"damage":46,"enemies":"The Guardian","floor":16,"turns":13},{"damage":28,"enemies":"Shell Parasite","floor":18,"turns":8},{"damage":20,"enemies":"Chosen","floor":21,"turns":5},{"damage":73,"enemies":"Slavers","floor":24,"turns":6}],"event_choices":[{"event_name":"Big Fish","player_choice":"Donut","floor":2,"damage_taken":0},{"event_name":"The Cleric","player_choice":"Card Removal","floor":13,"damage_taken":0},{"event_name":"Bonfire Elementals","player_choice":"BASIC","floor":14,"damage_taken":0},{"event_name":"Upgrade Shrine","player_choice":"Upgraded","floor":20,"damage_taken":0}],"boss_relics":[{"not_picked":["Mark of Pain","Eternal Feather"],"picked":"White Beast Statue"}],"potions_floor_spawned":[1,3,7,18,21],"seed_played":"7095230925405395059","killed_by":"Slavers","ascension_level":11,"is_trial":false}