{"path_per_floor":["M","$","M","M","M","R","$","?","T","E","M","M","R","E","R","B",null,"M","M","$","?","?","E","R"],"character_chosen":"IRONCLAD","items_purchased":["Whirlwind","Flash of Steel","Flex"],"gold_per_floor":[119,44,61,76,91,91,12,12,82,110,125,143,143,171,171,269,269,289,305,57,57,57,87,87,87],"floor_reached":25,"campfire_rested":0,"playtime":631,"current_hp_per_floor":[67,67,59,65,57,57,57,57,57,54,60,58,58,64,64,25,66,66,72,72,72,72,43,43,0],"items_purged":["Strike_R","Strike_R"],"gold":87,"score":384,"play_id":"3557b33d-293c-4455-85d3-a9da4a6d0fe1","local_time":"20180406220249","is_prod":false,"is_daily":false,"is_ascension_mode":true,"campfire_upgraded":4,"timestamp":1523066569,"path_taken":["M","$","?","M","M","R","$","?","T","E","M","M","R","E","R","BOSS","M","M","$","?","?","E","R","E"],"build_version":"2018-04-05v2","purchased_purges":2,"victory":false,"master_deck":["Strike_R","Strike_R","Strike_R","Defend_R","Defend_R","Defend_R","Defend_R","Bash","AscendersBane","Heavy Blade+1","Flex+1","Cleave","Whirlwind+1","Headbutt","Limit Break+1","Flex","Flash of Steel","Flex","Warcry+1"],"max_hp_per_floor":[80,80,80,80,80,80,80,80,80,80,80,80,80,80,80,80,80,80,80,80,80,80,80,80,80],"relics":["Burning Blood","Mercury Hourglass","Ancient Tea Set","Velvet Choker","Nloth\u0027s Gift","Regal Pillow"],"card_choices":[{"not_picked":["Searing Blow","Hemokinesis"],"picked":"Heavy Blade","floor":1},{"not_picked":["Perfected Strike","Clash"],"picked":"Flex","floor":4},{"not_picked":["Searing Blow","Armaments"],"picked":"Cleave","floor":5},{"not_picked":["Twin Strike","Sword Boomerang"],"picked":"Headbutt","floor":10},{"not_picked":["Fiend Fire","Double Tap"],"picked":"Limit Break","floor":16},{"not_picked":["Heavy Blade","Metallicize"],"picked":"Flex","floor":19},{"not_picked":["Metallicize","Armaments"],"picked":"Warcry","floor":23}],"player_experience":221669,"potions_floor_usage":[10,16,16,25,25],"damage_taken":[{"damage":11,"enemies":"Cultist","floor":1,"turns":4},{"damage":14,"enemies":"Jaw Worm","floor":3,"turns":3},{"damage":0,"enemies":"2 Louse","floor":4,"turns":2},{"damage":14,"enemies":"Exordium Wildlife","floor":5,"turns":4},{"damage":9,"enemies":"3 Sentries","floor":10,"turns":3},{"damage":0,"enemies":"2 Fungi Beasts","floor":11,"turns":2},{"damage":8,"enemies":"Blue Slaver","floor":12,"turns":2},{"damage":0,"enemies":"Gremlin Nob","floor":14,"turns":2},{"damage":45,"enemies":"Hexaghost","floor":16,"turns":8},{"damage":6,"enemies":"Spheric Guardian","floor":18,"turns":3},{"damage":0,"enemies":"Chosen","floor":19,"turns":3},{"damage":35,"enemies":"Gremlin Leader","floor":23,"turns":4},{"damage":44,"enemies":"Book of Stabbing","floor":25,"turns":3}],"event_choices":[{"event_name":"The Cleric","player_choice":"Leave","floor":8,"damage_taken":0},{"event_name":"Drug Dealer","player_choice":"Ignored","floor":21,"damage_taken":0},{"event_name":"N\u0027loth","player_choice":"Traded a Centennial Puzzle","floor":22,"damage_taken":0}],"boss_relics":[{"not_picked":["Astrolabe","Mark of Pain"],"picked":"Velvet Choker"}],"potions_floor_spawned":[3,5,14,16,23],"seed_played":"4585378171327256834","killed_by":"Book of Stabbing","ascension_level":10,"is_trial":false}