{"path_per_floor":["M","M","?","?","M","E","R","E","T","M","R","M","R","?","R","B",null,"M","?","M","?","M","R","E"],"character_chosen":"IRONCLAD","items_purchased":[],"gold_per_floor":[19,36,111,111,125,156,156,191,191,202,202,217,217,267,267,339,339,349,349,361,361,379,379,404,404],"floor_reached":25,"campfire_rested":3,"playtime":1045,"current_hp_per_floor":[71,75,64,64,70,24,46,20,20,19,41,42,42,42,42,18,61,61,61,69,69,30,52,16,0],"items_purged":[],"gold":404,"score":404,"play_id":"40196cb5-ee28-4787-a98a-aff34398be6f","local_time":"20180417014138","is_prod":false,"is_daily":false,"chose_seed":false,"is_ascension_mode":true,"campfire_upgraded":2,"timestamp":1523922098,"path_taken":["M","M","?","?","M","E","R","E","T","?","R","M","R","?","R","BOSS","M","?","M","?","M","R","E","M"],"build_version":"2018-04-12","seed_source_timestamp":51107619214785,"purchased_purges":0,"victory":false,"master_deck":["Bash","AscendersBane","Exhume","Berserk","Wild Strike","Clothesline+1","Flex","Seeing Red","Second Wind","Metallicize","Uppercut+1","Demon Form","Flame Barrier","Sword Boomerang","Battle Trance","Havoc","Headbutt","True Grit+1","Warcry"],"max_hp_per_floor":[75,75,75,75,75,75,75,75,75,75,75,75,75,75,75,75,75,75,75,75,75,75,75,75,75],"relics":["Burning Blood","Lantern","Self Forming Clay","Blood Vial","Pandora\u0027s Box","Dream Catcher"],"card_choices":[{"not_picked":["Combust","Blood for Blood"],"picked":"Wild Strike","floor":1},{"not_picked":["Intimidate","Pommel Strike"],"picked":"Clothesline","floor":2},{"not_picked":["Thunderclap","Fire Breathing"],"picked":"Flex","floor":5},{"not_picked":["Fire Breathing","Cleave"],"picked":"Seeing Red","floor":6},{"not_picked":["Body Slam","Anger"],"picked":"Second Wind","floor":8},{"not_picked":["Reckless Charge","Reaper"],"picked":"Metallicize","floor":10},{"not_picked":["Iron Wave","Sentinel"],"picked":"Uppercut","floor":12},{"not_picked":["Impervious","Brutality"],"picked":"Demon Form","floor":16},{"not_picked":["Clash","Havoc"],"picked":"Warcry","floor":24}],"player_experience":420541,"potions_floor_usage":[6,8,25,25],"damage_taken":[{"damage":3,"enemies":"Jaw Worm","floor":1,"turns":7},{"damage":1,"enemies":"2 Louse","floor":2,"turns":3},{"damage":0,"enemies":"Cultist","floor":5,"turns":3},{"damage":52,"enemies":"3 Sentries","floor":6,"turns":12},{"damage":32,"enemies":"Gremlin Nob","floor":8,"turns":5},{"damage":9,"enemies":"Red Slaver","floor":10,"turns":5},{"damage":7,"enemies":"Large Slime","floor":12,"turns":10},{"damage":32,"enemies":"Slime Boss","floor":16,"turns":12},{"damage":8,"enemies":"3 Byrds","floor":18,"turns":6},{"damage":0,"enemies":"Chosen","floor":20,"turns":5},{"damage":47,"enemies":"3 Cultists","floor":22,"turns":7},{"damage":44,"enemies":"Book of Stabbing","floor":24,"turns":6},{"damage":26,"enemies":"Sentry and Sphere","floor":25,"turns":5}],"event_choices":[{"event_name":"World of Goop","player_choice":"Gather Gold","floor":3,"damage_taken":0},{"event_name":"Shining Light","player_choice":"Ignored","floor":4,"damage_taken":0},{"event_name":"Golden Shrine","player_choice":"Pray","floor":14,"damage_taken":0},{"event_name":"Purifier","player_choice":"One Purge","floor":19,"damage_taken":0},{"event_name":"Accursed Blacksmith","player_choice":"Forge","floor":21,"damage_taken":0}],"boss_relics":[{"not_picked":["Lizard Tail","Black Star"],"picked":"Pandora\u0027s Box"}],"potions_floor_spawned":[1,2,6,16,24],"seed_played":"6434582430046294287","killed_by":"Sentry and Sphere","ascension_level":15,"is_trial":false}