{"path_per_floor":["M","M","?","$","M","R","M","R","T","?","R","$","M","E","R","B",null,"M","?","?","?","M","R","M","R","T","E","R","M","M","M","R"],"character_chosen":"IRONCLAD","items_purchased":["Shrug It Off","Reckless Charge"],"gold_per_floor":[110,126,201,75,91,91,104,104,155,155,155,9,24,50,50,129,129,146,146,146,126,144,144,159,159,159,188,188,208,228,242,242,242],"floor_reached":33,"campfire_rested":1,"playtime":1179,"current_hp_per_floor":[72,71,60,60,65,65,50,50,50,50,50,50,53,59,59,17,75,72,72,72,72,56,56,68,68,68,58,58,50,39,19,45,0],"items_purged":["Strike_R","Strike_R"],"gold":242,"score":536,"play_id":"4020ef12-6a7c-4528-8058-293043a8316c","local_time":"20180417171256","is_prod":false,"is_daily":false,"chose_seed":false,"is_ascension_mode":true,"campfire_upgraded":6,"timestamp":1523977976,"path_taken":["M","M","?","?","M","R","?","R","T","?","R","$","M","E","R","BOSS","M","?","?","?","M","R","M","R","T","E","R","M","?","M","R","BOSS"],"build_version":"2018-04-12","seed_source_timestamp":21206884538787,"purchased_purges":2,"victory":false,"master_deck":["Strike_R","Strike_R","Defend_R","Defend_R","Defend_R","Defend_R+1","Bash+1","AscendersBane","Reckless Charge+1","Rampage+1","Shrug It Off+1","Feel No Pain+1","Shrug It Off+1","Reckless Charge","Dual Wield+1","Reckless Charge","Juggernaut+1","Body Slam+1","Evolve","Reckless Charge","Warcry"],"max_hp_per_floor":[75,75,75,75,75,75,75,75,75,75,75,75,75,75,75,75,89,89,89,89,89,89,89,89,89,89,89,89,89,89,89,89,89],"relics":["Burning Blood","Omamori","Bronze Scales","Calling Bell","War Paint","Mango","Dream Catcher","Girya","Matryoshka"],"card_choices":[{"not_picked":["Shrug It Off","Body Slam"],"picked":"Reckless Charge","floor":1},{"not_picked":["Headbutt","Spot Weakness"],"picked":"Rampage","floor":2},{"not_picked":["Havoc","Sword Boomerang"],"picked":"Feel No Pain","floor":5},{"not_picked":["Inflame","Havoc"],"picked":"Shrug It Off","floor":7},{"not_picked":["Ghostly Armor","Thunderclap"],"picked":"Dual Wield","floor":13},{"not_picked":["Thunderclap","Bludgeon"],"picked":"Reckless Charge","floor":14},{"not_picked":["Brutality","Exhume"],"picked":"Juggernaut","floor":16},{"not_picked":["Shrug It Off","Blood for Blood"],"picked":"Body Slam","floor":22},{"not_picked":["Intimidate","Sword Boomerang"],"picked":"Evolve","floor":27},{"not_picked":["Sword Boomerang","Pommel Strike"],"picked":"Reckless Charge","floor":29},{"not_picked":["Double Tap","Corruption"],"picked":"Warcry","floor":32}],"player_experience":433473,"potions_floor_usage":[14,16,22,24,27,33,33],"damage_taken":[{"damage":2,"enemies":"Small Slimes","floor":1,"turns":4},{"damage":7,"enemies":"Jaw Worm","floor":2,"turns":3},{"damage":1,"enemies":"2 Louse","floor":5,"turns":3},{"damage":21,"enemies":"Exordium Thugs","floor":7,"turns":5},{"damage":3,"enemies":"Large Slime","floor":13,"turns":8},{"damage":0,"enemies":"Lagavulin","floor":14,"turns":6},{"damage":48,"enemies":"Hexaghost","floor":16,"turns":10},{"damage":9,"enemies":"Chosen","floor":18,"turns":6},{"damage":31,"enemies":"3 Byrds","floor":22,"turns":4},{"damage":6,"enemies":"Centurion and Healer","floor":24,"turns":7},{"damage":16,"enemies":"Book of Stabbing","floor":27,"turns":5},{"damage":14,"enemies":"Snecko","floor":29,"turns":5},{"damage":17,"enemies":"3 Cultists","floor":30,"turns":5},{"damage":26,"enemies":"Cultist and Chosen","floor":31,"turns":5},{"damage":54,"enemies":"Champ","floor":33,"turns":9}],"event_choices":[{"event_name":"World of Goop","player_choice":"Gather Gold","floor":3,"damage_taken":0},{"event_name":"Living Wall","player_choice":"Forget","floor":10,"damage_taken":0},{"event_name":"Wheel of Change","player_choice":"Card Removal","floor":19,"damage_taken":0},{"event_name":"Upgrade Shrine","player_choice":"Upgraded","floor":20,"damage_taken":0},{"event_name":"The Woman in Blue","player_choice":"Bought 1 Potion","floor":21,"damage_taken":0}],"boss_relics":[{"not_picked":["Sozu","Eternal Feather"],"picked":"Calling Bell"}],"potions_floor_spawned":[2,5,7,22,24,30],"seed_played":"2867862016674162955","killed_by":"Champ","ascension_level":15,"is_trial":false}