{"path_per_floor":["M","?","?","$","?","R","E","R","T","E","M","?","T","M","R"],"character_chosen":"IRONCLAD","items_purchased":["Frozen Egg 2"],"gold_per_floor":[109,284,359,39,39,39,69,69,69,99,118,147,147,167,167,167],"floor_reached":16,"campfire_rested":0,"playtime":746,"current_hp_per_floor":[80,80,69,69,53,53,59,59,59,65,67,51,51,57,57,0],"items_purged":["Doubt"],"gold":167,"score":156,"play_id":"9f132a96-3ae0-4535-9997-f17e102a6e96","local_time":"20180413215725","is_prod":false,"is_daily":false,"chose_seed":false,"is_ascension_mode":false,"campfire_upgraded":3,"timestamp":1523671045,"path_taken":["M","?","?","$","?","R","E","R","T","E","M","?","?","M","R","BOSS"],"build_version":"2018-04-12","seed_source_timestamp":24161860648450,"purchased_purges":1,"victory":false,"master_deck":["Strike_R+1","Strike_R","Strike_R","Strike_R","Strike_R","Defend_R","Defend_R+1","Defend_R","Defend_R","Bash","Pommel Strike+1","Shrug It Off+1","Berserk+1","Corruption+1","Shrug It Off","Burning Pact+1"],"max_hp_per_floor":[80,80,80,80,80,80,80,80,80,80,80,80,80,80,80,80],"relics":["Burning Blood","NeowsBlessing","Frozen Egg 2","Regal Pillow","Mummified Hand","Unceasing Top","Odd Mushroom","Bag of Preparation"],"card_choices":[{"not_picked":["Flex","Heavy Blade"],"picked":"Pommel Strike","floor":1},{"not_picked":["Sever Soul","Dropkick"],"picked":"Shrug It Off","floor":7},{"not_picked":["Whirlwind","Sever Soul"],"picked":"Berserk","floor":10},{"not_picked":["Body Slam","Searing Blow"],"picked":"Corruption","floor":11},{"not_picked":["Entrench","Pommel Strike"],"picked":"Shrug It Off","floor":12},{"not_picked":["Flex","True Grit"],"picked":"Burning Pact","floor":14}],"player_experience":15444,"potions_floor_usage":[],"damage_taken":[{"damage":0,"enemies":"Jaw Worm","floor":1,"turns":1},{"damage":0,"enemies":"3 Sentries","floor":7,"turns":2},{"damage":0,"enemies":"Gremlin Nob","floor":10,"turns":1},{"damage":4,"enemies":"Cultist","floor":11,"turns":4},{"damage":22,"enemies":"The Mushroom Lair","floor":12,"turns":5},{"damage":0,"enemies":"2 Louse","floor":14,"turns":3},{"damage":64,"enemies":"Slime Boss","floor":16,"turns":10}],"event_choices":[{"event_name":"Liars Game","player_choice":"agreed","floor":2,"damage_taken":0},{"event_name":"World of Goop","player_choice":"Gather Gold","floor":3,"damage_taken":0},{"event_name":"Shining Light","player_choice":"Entered Light","floor":5,"damage_taken":0},{"event_name":"Mushrooms","player_choice":"Fought Mushrooms","floor":12,"damage_taken":0}],"boss_relics":[],"potions_floor_spawned":[7,11,12],"seed_played":"3905006100971408142","killed_by":"Slime Boss","ascension_level":0,"is_trial":false}