{"path_per_floor":["M","$","M","M","M","R","E","?","T","?","R","E","M","M","R","B",null,"M","T","$","M","M","R","E","?","T","R","M","R"],"character_chosen":"IRONCLAD","items_purchased":["Inflame","Bottled Flame"],"gold_per_floor":[113,73,83,96,109,109,135,135,159,124,124,153,165,179,179,251,251,266,266,15,35,48,48,77,77,130,130,143,143,143],"floor_reached":30,"campfire_rested":4,"playtime":932,"current_hp_per_floor":[68,68,67,73,75,75,46,46,46,64,64,50,48,33,55,39,66,31,31,31,31,28,50,21,21,21,43,19,41,19],"items_purged":[],"gold":143,"score":455,"play_id":"3674d5c8-04bb-4974-a83a-450a110aeca4","local_time":"20180413181737","is_prod":false,"is_daily":false,"chose_seed":false,"is_ascension_mode":true,"campfire_upgraded":2,"timestamp":1523661457,"path_taken":["M","$","M","M","M","R","E","?","T","?","R","E","?","M","R","BOSS","M","?","$","M","M","R","E","?","T","R","?","R","?"],"build_version":"2018-04-12","seed_source_timestamp":252053526136674,"purchased_purges":1,"victory":false,"master_deck":["Bash+1","AscendersBane","Dark Embrace","Cleave","Inflame","Intimidate+1","Rage","Flex","Shrug It Off","Whirlwind","Ghostly Armor","Reaper","Headbutt","Clothesline","Heavy Blade","Thunderclap","Pommel Strike","Body Slam","Clothesline","Body Slam","Armaments+1","Shockwave","Seeing Red"],"max_hp_per_floor":[75,75,75,75,75,75,75,75,75,75,75,75,75,75,75,75,75,75,75,75,75,75,75,75,75,75,75,75,75,75],"relics":["Burning Blood","Whetstone","Lantern","Ice Cream","Pandora\u0027s Box","Ornamental Fan","Bottled Flame","Bird Faced Urn","Vajra"],"card_choices":[{"not_picked":["Sentinel","Havoc"],"picked":"Cleave","floor":1},{"not_picked":["Searing Blow","Twin Strike"],"picked":"Intimidate","floor":3},{"not_picked":["Heavy Blade","Juggernaut"],"picked":"Rage","floor":7},{"not_picked":["Body Slam","Twin Strike"],"picked":"Shrug It Off","floor":12},{"not_picked":["Bloodletting","Infernal Blade"],"picked":"Whirlwind","floor":13},{"not_picked":["Wild Strike","Uppercut"],"picked":"Ghostly Armor","floor":14},{"not_picked":["Berserk","Fiend Fire"],"picked":"Reaper","floor":16},{"not_picked":["Pommel Strike","Perfected Strike"],"picked":"Armaments","floor":18},{"not_picked":["Headbutt","Cleave"],"picked":"Shockwave","floor":22},{"not_picked":["Warcry","Dropkick"],"picked":"Seeing Red","floor":24}],"player_experience":451628,"potions_floor_usage":[12,14,22,24,28],"damage_taken":[{"damage":6,"enemies":"Cultist","floor":1,"turns":4},{"damage":7,"enemies":"Jaw Worm","floor":3,"turns":4},{"damage":0,"enemies":"2 Louse","floor":4,"turns":2},{"damage":3,"enemies":"2 Fungi Beasts","floor":5,"turns":4},{"damage":35,"enemies":"Lagavulin","floor":7,"turns":6},{"damage":20,"enemies":"Gremlin Nob","floor":12,"turns":4},{"damage":8,"enemies":"Blue Slaver","floor":13,"turns":4},{"damage":21,"enemies":"Gremlin Gang","floor":14,"turns":4},{"damage":22,"enemies":"Slime Boss","floor":16,"turns":9},{"damage":41,"enemies":"Spheric Guardian","floor":18,"turns":6},{"damage":11,"enemies":"Chosen","floor":21,"turns":6},{"damage":23,"enemies":"3 Cultists","floor":22,"turns":5},{"damage":45,"enemies":"Slavers","floor":24,"turns":7},{"damage":30,"enemies":"Snake Plant","floor":28,"turns":4},{"damage":26,"enemies":"Snecko","floor":30,"turns":5}],"event_choices":[{"event_name":"Living Wall","player_choice":"Change","floor":8,"damage_taken":0},{"event_name":"The Cleric","player_choice":"Healed","floor":10,"damage_taken":0},{"event_name":"Vampires","player_choice":"Ignored","floor":25,"damage_taken":0}],"boss_relics":[{"not_picked":["Lizard Tail","Black Blood"],"picked":"Pandora\u0027s Box"}],"potions_floor_spawned":[1,3,13,14,21,22],"seed_played":"1629027598147856717","killed_by":"Snecko","ascension_level":15,"is_trial":false}