{"path_per_floor":["M","M","M","?","?","E","R","E","T","M","R","$","E","$","R","B",null,"M","?","?"],"character_chosen":"THE_SILENT","items_purchased":["Blood Vial","Dagger Spray"],"gold_per_floor":[112,123,142,142,142,178,178,221,221,244,244,69,109,34,34,165,165,179,179,279],"floor_reached":21,"campfire_rested":3,"playtime":707,"current_hp_per_floor":[67,67,63,46,46,25,46,20,20,19,40,40,28,28,49,28,70,8,8,8],"items_purged":["Strike_G"],"gold":279,"score":215,"play_id":"d3591427-afa3-4c02-bbd8-02038c130f7c","is_prod":false,"is_daily":false,"is_ascension_mode":true,"campfire_upgraded":0,"path_taken":["M","M","M","?","?","E","R","E","T","M","R","$","E","$","R","BOSS","M","?","?","M"],"build_version":"2018-02-08-PROD1","purchased_purges":1,"victory":false,"master_deck":["Defend_G","Defend_G","Defend_G","Defend_G","Defend_G","Strike_G","Strike_G","Strike_G","Strike_G","Survivor","Neutralize+1","Wraith Form","Cloak And Dagger","Flying Knee","Sucker Punch","Dagger Throw","Dagger Spray","Bullet Time","Blur"],"max_hp_per_floor":[70,70,70,70,70,70,70,70,70,70,70,70,70,70,70,70,70,70,70,70],"relics":["Ring of the Snake","Golden Idol","Darkstone Periapt","Art of War","Anchor","Blood Vial","Molten Egg 2","Eternal Feather","Dodecahedron"],"card_choices":[{"not_picked":["Deflect","Bane"],"picked":"Cloak And Dagger"},{"not_picked":["Cloak And Dagger","Acrobatics"],"picked":"Flying Knee"},{"not_picked":["Endless Agony","Dodge and Roll"],"picked":"Sucker Punch"},{"not_picked":["A Thousand Cuts","Expertise"],"picked":"Dagger Throw"},{"not_picked":["A Thousand Cuts","After Image"],"picked":"Bullet Time"},{"not_picked":["Escape Plan","Deadly Poison"],"picked":"Blur"}],"player_experience":88968,"potions_floor_usage":[6,13,16],"damage_taken":[{"damage":3,"enemies":"2 Louse","floor":1,"turns":5},{"damage":0,"enemies":"Small Slimes","floor":2,"turns":4},{"damage":4,"enemies":"Blue Slaver","floor":3,"turns":6},{"damage":21,"enemies":"3 Sentries","floor":6,"turns":8},{"damage":26,"enemies":"Lagavulin","floor":8,"turns":9},{"damage":1,"enemies":"2 Fungi Beasts","floor":10,"turns":3},{"damage":14,"enemies":"Gremlin Nob","floor":13,"turns":3},{"damage":23,"enemies":"The Guardian","floor":16,"turns":15},{"damage":62,"enemies":"Chosen","floor":18,"turns":9},{"damage":11,"enemies":"Spheric Guardian","floor":21,"turns":3}],"event_choices":[{"event_name":"Golden Idol","player_choice":"Take Damage","floor":4,"damage_taken":0},{"event_name":"Upgrade Shrine","player_choice":"Upgraded","floor":5,"damage_taken":0},{"event_name":"The Mausoleum","player_choice":"Yes","floor":19,"damage_taken":0},{"event_name":"Golden Shrine","player_choice":"Pray","floor":20,"damage_taken":0}],"boss_relics":[{"not_picked":["Runic Dome","Philosopher\u0027s Stone"],"picked":"Eternal Feather"}],"potions_floor_spawned":[1,8,13],"seed_played":"4858781264102546584","killed_by":"Spheric Guardian","ascension_level":2,"is_trial":false}