{"path_per_floor":["M","?","M","?","T","R","?","R","T","R","?","E","$","?","R","B",null,"M","M","?","?","M","R","M","R","T","M","?","?","R","$","R","B",null,"M","M","?"],"character_chosen":"THE_SILENT","items_purchased":["Trip"],"gold_per_floor":[99,99,99,99,99,99,99,99,99,99,99,99,7,7,7,7,7,7,7,7,7,7,7,7,7,7,7,7,7,7,7,7,7,7,7,7,0],"floor_reached":38,"campfire_rested":1,"playtime":1070,"current_hp_per_floor":[66,59,58,58,58,58,58,58,58,58,58,58,58,58,58,46,70,70,65,65,65,65,65,54,54,54,54,54,54,54,54,70,32,70,56,8,8],"items_purged":[],"gold":0,"score":394,"play_id":"e1664061-6f59-484d-ba9d-5b15259172a0","local_time":"20180302213252","is_prod":false,"is_daily":false,"is_ascension_mode":true,"campfire_upgraded":7,"timestamp":1520055172,"path_taken":["M","?","M","?","?","R","?","R","T","R","?","E","?","?","R","BOSS","M","M","?","?","M","R","M","R","T","M","?","?","R","?","R","BOSS","M","M","?","M"],"build_version":"2018-03-01-PROD1","purchased_purges":0,"victory":false,"master_deck":["Defend_G","Defend_G","Defend_G","Defend_G","Strike_G","Strike_G","Strike_G","Survivor+1","Neutralize+1","Skewer+1","Distraction+1","Terror+1","Trip","Calculated Gamble+1","Cloak And Dagger","Prepared","Blur+1","Noxious Fumes","Adrenaline+1","Well Laid Plans","Footwork","Doppelganger","Pain","Writhe","Doubt","Malaise","Adrenaline"],"max_hp_per_floor":[70,70,70,70,70,70,70,70,70,70,70,70,70,70,70,70,70,70,70,70,70,70,70,70,70,70,70,70,70,70,70,70,70,70,70,70,70],"relics":["Ectoplasm","Calipers","Juzu Bracelet","Ice Cream","Orrery","Du-Vu Doll","Nloth\u0027s Gift","Calling Bell","Bronze Scales","Art of War","Oddly Smooth Stone","Red Mask"],"card_choices":[{"not_picked":["Poisoned Stab","Cloak And Dagger"],"picked":"Skewer"},{"not_picked":["Crippling Poison","Accuracy"],"picked":"Terror"},{"not_picked":["Riddle With Holes","Infinite Blades"],"picked":"Calculated Gamble"},{"not_picked":["Slice","Bane"],"picked":"Cloak And Dagger"},{"not_picked":["Poisoned Stab","Endless Agony"],"picked":"Prepared"},{"not_picked":["Slice","Catalyst"],"picked":"Blur"},{"not_picked":["Underhanded Strike","Catalyst"],"picked":"Noxious Fumes"},{"not_picked":["Masterful Stab","Dagger Spray"],"picked":"Well Laid Plans"},{"not_picked":["Quick Slash","Calculated Gamble"],"picked":"Footwork"},{"not_picked":["Die Die Die","Unload"],"picked":"Doppelganger"},{"not_picked":["Outmaneuver","Reflex"],"picked":"Malaise"},{"not_picked":["Setup","Catalyst"],"picked":"Adrenaline"}],"player_experience":129000,"potions_floor_usage":[12,18,19,27,33,33],"damage_taken":[{"damage":4,"enemies":"Jaw Worm","floor":1,"turns":3},{"damage":1,"enemies":"Cultist","floor":3,"turns":4},{"damage":0,"enemies":"Lagavulin","floor":12,"turns":4},{"damage":12,"enemies":"Hexaghost","floor":16,"turns":6},{"damage":0,"enemies":"Spheric Guardian","floor":18,"turns":1},{"damage":5,"enemies":"Shell Parasite","floor":19,"turns":4},{"damage":0,"enemies":"Snake Plant","floor":22,"turns":5},{"damage":11,"enemies":"3 Cultists","floor":24,"turns":4},{"damage":0,"enemies":"Sentry and Sphere","floor":27,"turns":4},{"damage":38,"enemies":"Champ","floor":33,"turns":12},{"damage":14,"enemies":"3 Shapes","floor":35,"turns":6},{"damage":48,"enemies":"3 Darklings","floor":36,"turns":9},{"damage":25,"enemies":"Maw","floor":38,"turns":4}],"event_choices":[{"event_name":"Golden Wing","player_choice":"Card Removal","floor":2,"damage_taken":0},{"event_name":"The Lab","player_choice":"Got Potions","floor":4,"damage_taken":0},{"event_name":"Bonfire Elementals","player_choice":"BASIC","floor":7,"damage_taken":0},{"event_name":"Living Wall","player_choice":"Change","floor":11,"damage_taken":0},{"event_name":"The Cleric","player_choice":"Leave","floor":14,"damage_taken":0},{"event_name":"The Mausoleum","player_choice":"Yes","floor":20,"damage_taken":0},{"event_name":"The Library","player_choice":"Read","floor":21,"damage_taken":0},{"event_name":"Vampires","player_choice":"Ignored","floor":28,"damage_taken":0},{"event_name":"N\u0027loth","player_choice":"Traded a Omamori","floor":29,"damage_taken":0},{"event_name":"Tomb of Lord Red Mask","player_choice":"Paid","floor":37,"damage_taken":0}],"boss_relics":[{"not_picked":["Runic Pyramid","Snecko Eye"],"picked":"Orrery"},{"not_picked":["Tiny House","White Beast Statue"],"picked":"Calling Bell"}],"potions_floor_spawned":[16,18,19,27,35,36],"seed_played":"3467171360872472235","killed_by":"Maw","ascension_level":3,"is_trial":false}