{"path_per_floor":["M","M","?","M","M","E","?","?","T","M","R","$","M","E","R","B",null,"M","?","?","M","M","R","M","R","T","M","R","$","R","M","R","B",null,"M","M","?","?","$","E","M"],"character_chosen":"THE_SILENT","items_purchased":["Bullet Time","Footwork","Finesse"],"gold_per_floor":[109,129,129,141,157,192,192,367,390,407,407,11,29,57,57,154,154,154,154,154,154,154,154,154,154,154,154,154,54,54,54,54,54,54,54,54,0,0,0,0,0],"floor_reached":42,"campfire_rested":0,"playtime":3617,"current_hp_per_floor":[70,69,69,69,69,45,38,38,38,33,33,33,35,30,30,24,70,70,70,70,66,68,68,63,63,63,58,58,58,58,56,56,39,70,68,44,44,44,44,29,43],"items_purged":["Doubt","Defend_G"],"gold":0,"play_id":"b3251023-870a-4f0e-b4e4-4b5f60210f99","is_prod":false,"is_daily":false,"is_ascension_mode":false,"campfire_upgraded":7,"path_taken":["M","M","?","?","M","E","?","?","T","M","R","$","M","E","R","BOSS","M","?","?","M","M","R","M","R","T","M","R","?","R","M","R","BOSS","M","M","?","?","?","E","M","?"],"build_version":"2018-01-25-PROD2","purchased_purges":2,"victory":false,"master_deck":["Defend_G","Defend_G","Defend_G","Defend_G","Strike_G","Strike_G","Strike_G","Strike_G","Survivor","Neutralize","Quick Slash","Blade Dance+1","Backflip","Leg Sweep","Glass Knife+1","Crippling Poison","Deflect","Bullet Time+1","Footwork+1","Finesse+1","Infinite Blades","Choke+1","Burst","Slice+1","Prepared+1","Dagger Spray+1","Well Laid Plans+1","Acrobatics+1","Heel Hook","A Thousand Cuts","Blur+1"],"max_hp_per_floor":[70,70,70,70,70,70,70,70,70,70,70,70,70,70,70,70,70,70,70,70,70,70,70,70,70,70,70,70,70,70,70,70,70,70,70,70,70,70,70,70,70],"relics":["Ring of the Snake","Snake Skull","Blood Vial","Pen Nib","Ectoplasm","Meat on the Bone","Bronze Scales","Lizard Tail","Red Mask","Happy Flower"],"card_choices":[{"not_picked":["Dagger Throw","Flying Knee"],"picked":"Quick Slash"},{"not_picked":["PiercingWail","Eviscerate"],"picked":"Blade Dance"},{"not_picked":["Quick Slash","Eviscerate"],"picked":"Backflip"},{"not_picked":["All Out Attack","Eviscerate"],"picked":"Leg Sweep"},{"not_picked":["Flying Knee","Endless Agony"],"picked":"Glass Knife"},{"not_picked":["Tools of the Trade","Backflip"],"picked":"Crippling Poison"},{"not_picked":["Crippling Poison","Acrobatics"],"picked":"Deflect"},{"not_picked":["Poisoned Stab","Quick Slash"],"picked":"Infinite Blades"},{"not_picked":["Outmaneuver","Bane"],"picked":"Choke"},{"not_picked":["Doppelganger","Glass Knife"],"picked":"Burst"},{"not_picked":["Backflip","PiercingWail"],"picked":"Slice"},{"not_picked":["Slice","Prepared"],"picked":"Dagger Spray"},{"not_picked":["Backstab","PiercingWail"],"picked":"Well Laid Plans"},{"not_picked":["Footwork","Flying Knee"],"picked":"Acrobatics"},{"not_picked":["Skewer","Blade Dance"],"picked":"Heel Hook"},{"not_picked":["Phantasmal Killer","Glass Knife"],"picked":"A Thousand Cuts"},{"not_picked":["Deadly Poison","Bouncing Flask"],"picked":"Blur"}],"player_experience":48196,"potions_floor_usage":[6,14,16,24,31,33,33,40,40,42],"damage_taken":[{"damage":0,"enemies":"2 Louse","floor":1,"turns":3},{"damage":1,"enemies":"Jaw Worm","floor":2,"turns":4},{"damage":0,"enemies":"Blue Slaver","floor":4,"turns":4},{"damage":0,"enemies":"3 Louse","floor":5,"turns":4},{"damage":24,"enemies":"Lagavulin","floor":6,"turns":8},{"damage":7,"enemies":"Looter","floor":10,"turns":3},{"damage":0,"enemies":"Exordium Wildlife","floor":13,"turns":3},{"damage":7,"enemies":"3 Sentries","floor":14,"turns":7},{"damage":8,"enemies":"Slime Boss","floor":16,"turns":8},{"damage":0,"enemies":"Shell Parasite","floor":18,"turns":4},{"damage":4,"enemies":"Spheric Guardian","floor":21,"turns":5},{"damage":0,"enemies":"Centurion and Healer","floor":22,"turns":4},{"damage":7,"enemies":"Slaver and Parasite","floor":24,"turns":5},{"damage":7,"enemies":"Sentry and Sphere","floor":27,"turns":4},{"damage":4,"enemies":"3 Cultists","floor":31,"turns":3},{"damage":19,"enemies":"Champ","floor":33,"turns":11},{"damage":2,"enemies":"Orb Walker","floor":35,"turns":3},{"damage":26,"enemies":"3 Shapes","floor":36,"turns":3},{"damage":84,"enemies":"Giant Head","floor":40,"turns":11},{"damage":0,"enemies":"3 Darklings","floor":41,"turns":4},{"damage":49,"enemies":"4 Shapes","floor":42,"turns":7}],"event_choices":[{"event_name":"Living Wall","player_choice":"Grow","floor":3,"damage_taken":0},{"event_name":"Golden Wing","player_choice":"Card Removal","floor":7,"damage_taken":0},{"event_name":"Liars Game","player_choice":"agreed","floor":8,"damage_taken":0},{"event_name":"The Library","player_choice":"Read","floor":19,"damage_taken":0},{"event_name":"The Mausoleum","player_choice":"Yes","floor":20,"damage_taken":0},{"event_name":"Tomb of Lord Red Mask","player_choice":"Paid","floor":37,"damage_taken":0},{"event_name":"Mysterious Sphere","player_choice":"Ignore","floor":38,"damage_taken":0}],"boss_relics":[{"not_picked":["Calling Bell","Cursed Key"],"picked":"Ectoplasm"},{"not_picked":["Eternal Feather","The Specimen"],"picked":"Lizard Tail"}],"potions_floor_spawned":[1,4,6,14,21,22,27,35,36,41],"seed_played":"1071728230293658519","killed_by":"4 Shapes","ascension_level":0,"is_trial":false}