{"path_per_floor":["M","M","?","?","$","R","M","?","T","M","T","$","R","M","R","B",null,"M","?","$","?","$","R","M","M","T","M","M","?","M","M","R","B",null,"M","?","?","?","$","E","?","M","T","M","R","M","R","M","R"],"character_chosen":"THE_SILENT","items_purchased":["Infinite Blades","Backflip","Infinite Blades","Predator","Apotheosis"],"gold_per_floor":[118,128,128,128,53,53,70,70,149,169,193,10,10,21,21,125,125,142,142,71,71,3,3,14,28,28,44,54,54,64,77,77,181,181,196,196,196,196,2,33,33,43,43,63,63,78,78,91,91],"floor_reached":50,"campfire_rested":4,"playtime":2699,"current_hp_per_floor":[68,68,61,66,66,66,62,62,62,58,58,58,58,60,60,37,75,72,72,72,72,72,72,59,47,47,30,32,32,34,21,43,32,75,67,67,75,75,75,12,66,44,44,32,51,19,38,34,53],"items_purged":["Strike_G","Defend_G"],"gold":91,"score":414,"play_id":"bdc820e9-3de0-456a-88aa-7f6bea19633b","is_prod":false,"is_daily":false,"is_ascension_mode":false,"campfire_upgraded":4,"path_taken":["M","M","?","?","$","R","M","?","T","?","?","?","R","M","R","BOSS","M","?","$","?","$","R","M","M","T","M","M","?","?","M","R","BOSS","M","?","?","?","$","E","?","M","T","M","R","M","R","M","R","BOSS"],"build_version":"2018-02-08-PROD1","purchased_purges":3,"victory":false,"master_deck":["Defend_G","Defend_G","Defend_G","Strike_G","Strike_G","Strike_G","Strike_G","Survivor","Neutralize+1","Acrobatics","After Image+1","Infinite Blades+1","Backflip","Blur","Accuracy","Flying Knee","Die Die Die","Footwork","Infinite Blades+1","Infinite Blades+1","Predator","Blade Dance","Accuracy+1","A Thousand Cuts","Terror+1","Writhe","Apotheosis","Backflip+1","Noxious Fumes+1"],"max_hp_per_floor":[70,70,70,75,75,75,75,75,75,75,75,75,75,75,75,75,75,75,75,75,75,75,75,75,75,75,75,75,75,75,75,75,75,75,75,75,75,75,75,75,66,66,66,66,66,66,66,66,66],"relics":["Ring of the Snake","Kunai","Blood Vial","Centennial Puzzle","Bronze Scales","Orrery","Letter Opener","Calipers","Gambling Chip"],"card_choices":[{"not_picked":["Dagger Throw","Masterful Stab"],"picked":"Acrobatics"},{"not_picked":["Slice","PiercingWail"],"picked":"After Image"},{"not_picked":["Flechettes","Masterful Stab"],"picked":"Blur"},{"not_picked":["Crippling Poison","Calculated Gamble"],"picked":"Accuracy"},{"not_picked":["Dagger Throw","PiercingWail"],"picked":"Flying Knee"},{"not_picked":["PiercingWail","Malaise"],"picked":"Die Die Die"},{"not_picked":["Slice","Calculated Gamble"],"picked":"Footwork"},{"not_picked":["Poisoned Stab","PiercingWail"],"picked":"Blade Dance"},{"not_picked":["Backflip","Outmaneuver"],"picked":"Accuracy"},{"not_picked":["Glass Knife","Phantasmal Killer"],"picked":"A Thousand Cuts"},{"not_picked":["Well Laid Plans","Quick Slash"],"picked":"Terror"},{"not_picked":["Deadly Poison","Prepared"],"picked":"Backflip"},{"not_picked":["PiercingWail","Poisoned Stab"],"picked":"Noxious Fumes"}],"player_experience":107664,"potions_floor_usage":[25,28,30,31,35,48],"damage_taken":[{"damage":2,"enemies":"Jaw Worm","floor":1,"turns":6},{"damage":0,"enemies":"Small Slimes","floor":2,"turns":3},{"damage":4,"enemies":"Blue Slaver","floor":7,"turns":5},{"damage":6,"enemies":"3 Louse","floor":10,"turns":7},{"damage":0,"enemies":"Looter","floor":14,"turns":4},{"damage":25,"enemies":"Hexaghost","floor":16,"turns":15},{"damage":3,"enemies":"Chosen","floor":18,"turns":6},{"damage":15,"enemies":"Shell Parasite","floor":24,"turns":5},{"damage":14,"enemies":"Snecko","floor":25,"turns":5},{"damage":19,"enemies":"Cultist and Chosen","floor":27,"turns":8},{"damage":0,"enemies":"Snake Plant","floor":28,"turns":6},{"damage":0,"enemies":"Snecko","floor":30,"turns":4},{"damage":30,"enemies":"Slaver and Parasite","floor":31,"turns":6},{"damage":13,"enemies":"Collector","floor":33,"turns":10},{"damage":8,"enemies":"3 Shapes","floor":35,"turns":5},{"damage":63,"enemies":"Nemesis","floor":40,"turns":10},{"damage":22,"enemies":"Orb Walker","floor":42,"turns":4},{"damage":14,"enemies":"Sphere and 2 Shapes","floor":44,"turns":5},{"damage":34,"enemies":"4 Shapes","floor":46,"turns":7},{"damage":6,"enemies":"Maw","floor":48,"turns":7},{"damage":56,"enemies":"Donu and Deca","floor":50,"turns":4}],"event_choices":[{"event_name":"Scrap Ooze","player_choice":"success","floor":3,"damage_taken":7},{"event_name":"Big Fish","player_choice":"Donut","floor":4,"damage_taken":0},{"event_name":"Dead Adventurer","player_choice":"Searched \u00271\u0027 times","floor":8,"damage_taken":0},{"event_name":"Bonfire Elementals","player_choice":"BASIC","floor":19,"damage_taken":0},{"event_name":"Duplicator","player_choice":"One dupe","floor":21,"damage_taken":0},{"event_name":"Cursed Tome","player_choice":"Ignored","floor":29,"damage_taken":0},{"event_name":"Mysterious Sphere","player_choice":"Ignore","floor":36,"damage_taken":0},{"event_name":"Winding Halls","player_choice":"Writhe","floor":37,"damage_taken":0},{"event_name":"Tomb of Lord Red Mask","player_choice":"Ignored","floor":38,"damage_taken":0},{"event_name":"The Moai Head","player_choice":"Heal","floor":41,"damage_taken":0}],"boss_relics":[{"not_picked":["Calling Bell","Philosopher\u0027s Stone"],"picked":"Orrery"},{"not_picked":["Runic Dome","Velvet Choker","Snecko Eye"]}],"potions_floor_spawned":[2,7,14,16,18,25,27,33,44,46],"seed_played":"7597194074502001495","killed_by":"Donu and Deca","ascension_level":0,"is_trial":false}