{"path_per_floor":["M","$","M","M","M","R","M","E","T","M","M","R","$","E","R","B",null,"M","?","$","?","$","E","R","E","T","M","M","M","R","?","R","B",null,"M","M","M","?","M","R","M"],"character_chosen":"THE_SILENT","items_purchased":["Accuracy","Accuracy"],"gold_per_floor":[111,36,52,68,79,79,97,129,153,165,185,185,5,31,31,132,132,147,62,22,22,22,55,55,85,110,127,138,152,152,152,152,254,284,302,318,331,331,341,341,351],"floor_reached":42,"campfire_rested":4,"playtime":1966,"current_hp_per_floor":[68,68,63,64,58,58,57,41,41,43,36,57,57,48,48,10,70,69,69,69,69,69,43,43,32,32,17,11,9,30,30,51,24,75,61,56,25,25,13,35,10],"items_purged":["Strike_G","Catalyst"],"gold":351,"score":442,"play_id":"a68327cb-e336-41ec-92bd-3ffb1ce6607e","is_prod":false,"is_daily":false,"is_ascension_mode":true,"campfire_upgraded":3,"path_taken":["M","$","M","M","M","R","M","E","T","?","M","R","$","E","R","BOSS","M","?","$","?","$","E","R","E","T","M","?","M","R","?","R","BOSS","M","M","M","?","?","R","M","M"],"build_version":"2018-02-22-PROD2","purchased_purges":2,"victory":false,"master_deck":["Defend_G","Defend_G","Defend_G","Defend_G+1","Defend_G","Strike_G+1","Strike_G","Strike_G","Survivor","Neutralize","Infinite Blades+1","Cloak And Dagger","Leg Sweep","Backstab+1","Accuracy+1","A Thousand Cuts+1","Escape Plan+1","Accuracy","Blade Dance","Terror","Backflip","Night Terror","Backflip+1","Escape Plan+1","Blur"],"max_hp_per_floor":[70,70,70,70,70,70,70,70,70,70,70,70,70,70,70,70,70,70,70,70,70,70,70,70,70,70,70,70,70,70,70,70,70,75,75,75,75,75,75,75,75],"relics":["Ring of the Snake","Blood Vial","Pantograph","Bronze Scales","Centennial Puzzle","Sozu","Ancient Tea Set","Bottled Lightning","Gambling Chip","Whetstone","Tiny House"],"card_choices":[{"not_picked":["Riddle With Holes","Dagger Spray"],"picked":"Infinite Blades"},{"not_picked":["Outmaneuver","Leg Sweep"],"picked":"Cloak And Dagger"},{"not_picked":["Backflip","Deadly Poison"],"picked":"Leg Sweep"},{"not_picked":["PiercingWail","Prepared"],"picked":"Backstab"},{"not_picked":["Dagger Throw","Poisoned Stab"],"picked":"Catalyst"},{"not_picked":["After Image","Bullet Time"],"picked":"A Thousand Cuts"},{"not_picked":["Cloak And Dagger","Leg Sweep"],"picked":"Escape Plan"},{"not_picked":["Sucker Punch","Skewer"],"picked":"Terror"},{"not_picked":["Flying Knee","Tools of the Trade"],"picked":"Backflip"},{"not_picked":["Unload","Glass Knife"],"picked":"Night Terror"},{"not_picked":["Underhanded Strike","Deadly Poison"],"picked":"Backflip"},{"not_picked":["Blur","Flying Knee"],"picked":"Escape Plan"}],"player_experience":203464,"potions_floor_usage":[3,8,16],"damage_taken":[{"damage":2,"enemies":"Cultist","floor":1,"turns":4},{"damage":7,"enemies":"Small Slimes","floor":3,"turns":4},{"damage":1,"enemies":"2 Louse","floor":4,"turns":3},{"damage":8,"enemies":"Exordium Thugs","floor":5,"turns":7},{"damage":3,"enemies":"Large Slime","floor":7,"turns":7},{"damage":18,"enemies":"Gremlin Nob","floor":8,"turns":6},{"damage":0,"enemies":"2 Fungi Beasts","floor":10,"turns":4},{"damage":9,"enemies":"Exordium Wildlife","floor":11,"turns":5},{"damage":11,"enemies":"3 Sentries","floor":14,"turns":8},{"damage":60,"enemies":"Slime Boss","floor":16,"turns":11},{"damage":1,"enemies":"3 Byrds","floor":18,"turns":3},{"damage":27,"enemies":"Book of Stabbing","floor":23,"turns":5},{"damage":13,"enemies":"Slavers","floor":25,"turns":3},{"damage":17,"enemies":"2 Thieves","floor":27,"turns":3},{"damage":8,"enemies":"Snecko","floor":28,"turns":4},{"damage":4,"enemies":"Sentry and Sphere","floor":29,"turns":4},{"damage":46,"enemies":"Automaton","floor":33,"turns":9},{"damage":14,"enemies":"3 Shapes","floor":35,"turns":3},{"damage":7,"enemies":"Orb Walker","floor":36,"turns":4},{"damage":33,"enemies":"4 Shapes","floor":37,"turns":5},{"damage":14,"enemies":"3 Darklings","floor":39,"turns":4},{"damage":27,"enemies":"Maw","floor":41,"turns":6},{"damage":14,"enemies":"4 Shapes","floor":42,"turns":3}],"event_choices":[{"event_name":"Addict","player_choice":"Obtained Relic","floor":19,"damage_taken":0},{"event_name":"The Library","player_choice":"Read","floor":21,"damage_taken":0},{"event_name":"Wheel of Change","player_choice":"Card Removal","floor":31,"damage_taken":0},{"event_name":"Match and Keep!","player_choice":"1 cards matched","floor":38,"damage_taken":0}],"boss_relics":[{"not_picked":["Ectoplasm","Snecko Eye"],"picked":"Sozu"},{"not_picked":["Astrolabe","Pandora\u0027s Box"],"picked":"Tiny House"}],"potions_floor_spawned":[1,5,14,18,25,29,35,39],"seed_played":"-2439332692581495190","killed_by":"4 Shapes","ascension_level":2,"is_trial":false}