{"path_per_floor":["M","?","?","?","M","E","R","E","T","R","M","M","?","$","R","B",null,"M","$","M","?","M","R","M","?","T","E","?","R","$","M","R"],"character_chosen":"THE_SILENT","items_purchased":["Noxious Fumes"],"gold_per_floor":[109,59,59,59,73,99,99,126,126,126,144,154,154,3,3,102,102,119,19,23,23,36,36,50,50,50,84,9,9,9,27,27],"floor_reached":33,"campfire_rested":3,"playtime":1122,"current_hp_per_floor":[70,70,75,75,75,75,75,60,60,60,60,60,75,72,72,55,72,66,66,64,64,35,56,47,34,34,8,8,31,31,6,29],"items_purged":["Parasite","Strike_G"],"gold":27,"score":328,"play_id":"f38218c7-60f7-4fdb-960c-ef892a3ea9a2","is_prod":false,"is_daily":false,"is_ascension_mode":true,"campfire_upgraded":3,"path_taken":["M","?","?","?","?","E","R","E","T","R","M","M","?","$","R","BOSS","M","$","M","?","M","R","M","?","T","E","?","R","?","M","R","BOSS"],"build_version":"2018-02-22-PROD2","purchased_purges":2,"victory":false,"master_deck":["Defend_G","Defend_G","Defend_G","Defend_G","Strike_G","Strike_G","Survivor","Neutralize+1","Flying Knee","Cloak And Dagger","Venomology+1","Dash+1","Escape Plan","Noxious Fumes","A Thousand Cuts","Outmaneuver","Blur","Backflip","Die Die Die","Adrenaline"],"max_hp_per_floor":[70,70,75,75,75,75,75,75,75,75,75,75,75,72,72,72,72,72,72,72,72,72,72,72,77,77,77,77,77,77,77,77],"relics":["Ring of the Snake","NeowsBlessing","Oddly Smooth Stone","Juzu Bracelet","Unceasing Top","Orrery","Bottled Lightning","Letter Opener"],"card_choices":[{"not_picked":["Poisoned Stab","Heel Hook"],"picked":"Flying Knee"},{"not_picked":["Deflect","Underhanded Strike"],"picked":"Cloak And Dagger"},{"not_picked":["Expertise","Calculated Gamble"],"picked":"Venomology"},{"not_picked":["Outmaneuver","Backflip"],"picked":"Dash"},{"not_picked":["Cloak And Dagger","Setup"],"picked":"Escape Plan"},{"not_picked":["Night Terror","After Image"],"picked":"A Thousand Cuts"},{"not_picked":["Sucker Punch","Flying Knee"],"picked":"Outmaneuver"},{"not_picked":["Masterful Stab","Deadly Poison"],"picked":"Blur"},{"not_picked":["Deadly Poison","Noxious Fumes"],"picked":"Backflip"},{"not_picked":["Escape Plan","Backstab"],"picked":"Die Die Die"},{"not_picked":["Dagger Throw","Bouncing Flask"],"picked":"Adrenaline"}],"player_experience":214290,"potions_floor_usage":[11,16,16,18,18,20,20,22,24,27,27,27,33,33,33,33],"damage_taken":[{"damage":0,"enemies":"2 Louse","floor":1,"turns":1},{"damage":0,"enemies":"Jaw Worm","floor":5,"turns":1},{"damage":0,"enemies":"Lagavulin","floor":6,"turns":1},{"damage":15,"enemies":"3 Sentries","floor":8,"turns":13},{"damage":0,"enemies":"Small Slimes","floor":11,"turns":3},{"damage":0,"enemies":"Looter","floor":12,"turns":3},{"damage":17,"enemies":"Slime Boss","floor":16,"turns":8},{"damage":6,"enemies":"3 Byrds","floor":18,"turns":3},{"damage":2,"enemies":"2 Thieves","floor":20,"turns":4},{"damage":29,"enemies":"Snake Plant","floor":22,"turns":5},{"damage":9,"enemies":"3 Cultists","floor":24,"turns":5},{"damage":26,"enemies":"Book of Stabbing","floor":27,"turns":8},{"damage":25,"enemies":"Sentry and Sphere","floor":31,"turns":6},{"damage":29,"enemies":"Automaton","floor":33,"turns":10}],"event_choices":[{"event_name":"The Cleric","player_choice":"Card Removal","floor":2,"damage_taken":0},{"event_name":"Big Fish","player_choice":"Donut","floor":3,"damage_taken":0},{"event_name":"Living Wall","player_choice":"Forget","floor":4,"damage_taken":0},{"event_name":"Mushrooms","player_choice":"Healed and dodged fight","floor":13,"damage_taken":0},{"event_name":"Vampires","player_choice":"Ignored","floor":21,"damage_taken":0},{"event_name":"Forgotten Altar","player_choice":"Shed Blood","floor":25,"damage_taken":0},{"event_name":"Beggar","player_choice":"Gave Gold","floor":28,"damage_taken":0}],"boss_relics":[{"not_picked":["Runic Pyramid","Runic Dome"],"picked":"Orrery"}],"potions_floor_spawned":[8,11,16,22,24,27],"seed_played":"7167036954171776554","killed_by":"Automaton","ascension_level":2,"is_trial":false}