{"path_per_floor":["M","?","?","M","M","R","$","?","T","R","M","M","E","M","R"],"character_chosen":"THE_SILENT","items_purchased":[],"gold_per_floor":[118,118,118,138,152,152,77,77,77,77,93,106,141,153,153,153],"floor_reached":16,"campfire_rested":1,"playtime":483,"current_hp_per_floor":[63,51,51,50,50,50,50,50,50,50,50,49,28,18,54,0],"items_purged":["Strike_G"],"gold":153,"score":122,"play_id":"350d02f1-e5dd-4de9-9fc6-137a46963ea0","local_time":"20180413192003","is_prod":false,"is_daily":false,"chose_seed":false,"is_ascension_mode":true,"campfire_upgraded":2,"timestamp":1523640003,"path_taken":["M","?","?","M","M","R","$","?","T","R","M","?","E","?","R","BOSS"],"build_version":"2018-04-12","seed_source_timestamp":23445421746479,"purchased_purges":1,"victory":false,"master_deck":["Defend_G","Defend_G","Defend_G","Defend_G","Defend_G","Strike_G","Strike_G","Strike_G","Strike_G","Survivor","Neutralize+1","Cloak And Dagger+1","Dagger Spray","Blade Dance","Backflip","Outmaneuver"],"max_hp_per_floor":[70,70,70,70,70,70,70,70,70,70,70,70,70,70,70,70],"relics":["Ring of the Snake","Regal Pillow","Tough Bandages","The Courier"],"card_choices":[{"not_picked":["Calculated Gamble","Dagger Throw"],"picked":"Cloak And Dagger","floor":1},{"not_picked":["Flechettes","Crippling Poison"],"picked":"Dagger Spray","floor":4},{"not_picked":["Escape Plan","Predator"],"picked":"Blade Dance","floor":11},{"not_picked":["Dagger Throw","Calculated Gamble"],"picked":"Backflip","floor":12},{"not_picked":["Catalyst","All Out Attack"],"picked":"Outmaneuver","floor":14}],"player_experience":293061,"potions_floor_usage":[12,13,16],"damage_taken":[{"damage":7,"enemies":"Jaw Worm","floor":1,"turns":5},{"damage":1,"enemies":"2 Louse","floor":4,"turns":3},{"damage":0,"enemies":"Small Slimes","floor":5,"turns":2},{"damage":0,"enemies":"2 Fungi Beasts","floor":11,"turns":2},{"damage":1,"enemies":"Gremlin Gang","floor":12,"turns":2},{"damage":21,"enemies":"Lagavulin","floor":13,"turns":6},{"damage":10,"enemies":"Lots of Slimes","floor":14,"turns":2},{"damage":57,"enemies":"Slime Boss","floor":16,"turns":12}],"event_choices":[{"event_name":"Scrap Ooze","player_choice":"success","floor":2,"damage_taken":12},{"event_name":"The Lab","player_choice":"Got Potions","floor":3,"damage_taken":0},{"event_name":"Liars Game","player_choice":"disagreed","floor":8,"damage_taken":0}],"boss_relics":[],"potions_floor_spawned":[5,11,13],"seed_played":"1816509375973079312","killed_by":"Slime Boss","ascension_level":4,"is_trial":false}