{"path_per_floor":["M","?","?","?","M","R","E","$","T","R","E","M","R","M","R","B",null,"M","M","M","?","$","E","R","M","T","M","M","M","R","$","R","B",null,"M","?","T","?","$","R","M","R","T","M","R","M","M","$","R","B"],"character_chosen":"THE_SILENT","items_purchased":["Infinite Blades","Tiny Chest","Strength Potion","Bronze Scales","Caltrops","Strength Potion","Blur","Blade Dance","Cloak And Dagger"],"gold_per_floor":[118,68,68,368,382,382,408,126,126,126,161,179,179,195,195,294,294,307,325,340,340,65,95,95,108,162,175,185,201,201,12,12,107,107,118,118,118,118,18,18,32,32,32,49,49,60,70,30,30,30],"floor_reached":51,"campfire_rested":2,"playtime":2115,"current_hp_per_floor":[70,70,70,58,58,58,58,58,68,68,63,65,65,64,64,21,80,80,80,60,60,60,42,66,55,55,42,27,26,26,26,50,30,80,76,76,76,66,66,66,68,68,68,70,70,72,74,74,74,9],"items_purged":["Defend_G","Strike_G","Injury"],"gold":30,"score":832,"play_id":"832bb07c-7049-4728-a3fa-7d8cc1bb427b","local_time":"20180415122908","is_prod":false,"is_daily":false,"chose_seed":false,"is_ascension_mode":true,"campfire_upgraded":9,"timestamp":1523788148,"path_taken":["M","?","?","?","M","R","E","?","T","R","E","?","R","M","R","BOSS","M","M","M","?","$","E","R","M","T","?","M","?","R","$","R","BOSS","M","?","?","?","$","R","M","R","T","?","R","?","M","$","R","BOSS"],"build_version":"2018-04-12","seed_source_timestamp":1546967881749,"purchased_purges":4,"victory":true,"master_deck":["Defend_G","Defend_G","Survivor","Neutralize+1","Blade Dance+1","Infinite Blades+1","Outmaneuver","Noxious Fumes+1","After Image","Reflex+1","Backflip+1","Caltrops+1","Footwork+1","Accuracy+1","Dodge and Roll+1","Blur+1","Blade Dance+1","After Image","Finisher+1","Madness","Madness","Parasite","Footwork+1","Cloak And Dagger+1"],"max_hp_per_floor":[70,70,70,70,70,70,70,70,80,80,80,80,80,80,80,80,80,80,80,80,80,80,80,80,80,80,80,80,80,80,80,80,80,80,80,80,80,80,80,80,80,80,80,80,80,80,80,80,80,80],"relics":["Ring of the Snake","NeowsBlessing","Old Coin","Ninja Scroll","Tiny Chest","Pear","Blood Vial","Astrolabe","Bronze Scales","The Courier","Bag of Marbles","Cursed Key","Ornamental Fan","Mummified Hand"],"card_choices":[{"not_picked":["Sucker Punch","Underhanded Strike"],"picked":"Blade Dance","floor":5},{"not_picked":["Night Terror","Prepared"],"picked":"Outmaneuver","floor":11},{"not_picked":["Prepared","Underhanded Strike"],"picked":"Noxious Fumes","floor":12},{"not_picked":["Venomology","Burst"],"picked":"After Image","floor":16},{"not_picked":["PiercingWail","Skewer"],"picked":"Footwork","floor":23},{"not_picked":["Doppelganger","Poisoned Stab"],"picked":"Accuracy","floor":27},{"not_picked":["Flying Knee","Slice"],"picked":"Dodge and Roll","floor":28},{"not_picked":["Doppelganger","Die Die Die"],"picked":"After Image","floor":33},{"not_picked":["Distraction","Dagger Spray"],"picked":"Finisher","floor":35},{"not_picked":["Backflip","Slice"],"picked":"Footwork","floor":44}],"player_experience":297326,"potions_floor_usage":[11,14,16,23,25,29,33,50,50],"damage_taken":[{"damage":0,"enemies":"2 Louse","floor":1,"turns":1},{"damage":0,"enemies":"Jaw Worm","floor":5,"turns":1},{"damage":0,"enemies":"Gremlin Nob","floor":7,"turns":1},{"damage":5,"enemies":"3 Sentries","floor":11,"turns":6},{"damage":0,"enemies":"Small Slimes","floor":12,"turns":3},{"damage":3,"enemies":"3 Louse","floor":14,"turns":3},{"damage":45,"enemies":"Hexaghost","floor":16,"turns":10},{"damage":0,"enemies":"3 Byrds","floor":18,"turns":4},{"damage":0,"enemies":"Shell Parasite","floor":19,"turns":7},{"damage":20,"enemies":"Sentry and Sphere","floor":20,"turns":8},{"damage":20,"enemies":"Book of Stabbing","floor":23,"turns":5},{"damage":13,"enemies":"3 Cultists","floor":25,"turns":5},{"damage":15,"enemies":"Centurion and Healer","floor":27,"turns":7},{"damage":17,"enemies":"Sentry and Sphere","floor":28,"turns":5},{"damage":15,"enemies":"Snake Plant","floor":29,"turns":4},{"damage":22,"enemies":"Champ","floor":33,"turns":14},{"damage":4,"enemies":"3 Darklings","floor":35,"turns":5},{"damage":0,"enemies":"Orb Walker","floor":41,"turns":4},{"damage":0,"enemies":"4 Shapes","floor":44,"turns":5},{"damage":0,"enemies":"Maw","floor":46,"turns":7},{"damage":0,"enemies":"3 Darklings","floor":47,"turns":5},{"damage":67,"enemies":"Time Eater","floor":50,"turns":8}],"event_choices":[{"event_name":"The Cleric","player_choice":"Card Removal","floor":2,"damage_taken":0},{"event_name":"Living Wall","player_choice":"Forget","floor":3,"damage_taken":0},{"event_name":"Scrap Ooze","player_choice":"success","floor":4,"damage_taken":12},{"event_name":"Back to Basics","player_choice":"Elegance","floor":21,"damage_taken":0},{"event_name":"Winding Halls","player_choice":"Embrace Madness","floor":38,"damage_taken":0}],"boss_relics":[{"not_picked":["Snecko Eye","Runic Pyramid"],"picked":"Astrolabe"},{"not_picked":["Lizard Tail","Pandora\u0027s Box"],"picked":"Cursed Key"}],"potions_floor_spawned":[7,11,16,20,27,33,41,46,47],"seed_played":"7556335907353778950","ascension_level":4,"is_trial":false}