{"path_per_floor":["M","$","?","M","M","R","E","T","T","?","R","?","M","M","R","B",null,"M","?","M","$","M","R"],"character_chosen":"THE_SILENT","items_purchased":["Panache","Tiny Chest"],"gold_per_floor":[118,118,118,143,159,159,200,226,226,226,226,226,249,269,269,394,394,419,419,432,57,72,72,72],"floor_reached":24,"campfire_rested":2,"playtime":1306,"current_hp_per_floor":[69,69,52,52,52,52,36,36,36,36,57,57,52,32,53,39,70,70,70,70,70,53,53,0],"items_purged":["Regret"],"gold":72,"score":196,"play_id":"9f2a6ff8-c96a-433b-b8c5-f657402d7daa","local_time":"20180326120100","is_prod":false,"is_daily":false,"is_ascension_mode":false,"campfire_upgraded":2,"timestamp":1522080060,"path_taken":["M","$","?","?","M","R","E","?","T","?","R","?","?","M","R","BOSS","M","?","M","$","M","R","E"],"build_version":"2018-03-22v2","purchased_purges":2,"victory":false,"master_deck":["Defend_G","Defend_G","Defend_G","Defend_G","Defend_G","Strike_G","Strike_G","Strike_G","Strike_G","Survivor","Neutralize+1","Blur","Prepared+1","Endless Agony","Dagger Spray","Unload","Skewer+1","Panache"],"max_hp_per_floor":[70,70,70,70,70,70,70,70,70,70,70,70,70,70,70,70,70,70,70,70,70,70,70,70],"relics":["Ring of the Snake","Bloody Idol","Shuriken","Oddly Smooth Stone","Ice Cream","Ornamental Fan","Black Star","Tiny Chest"],"card_choices":[{"not_picked":["Slice","Dagger Spray"],"picked":"Blur","floor":1},{"not_picked":["Setup","Distraction"],"picked":"Prepared","floor":4},{"not_picked":["Distraction","Accuracy"],"picked":"Endless Agony","floor":7},{"not_picked":["Catalyst","Dagger Throw"],"picked":"Dagger Spray","floor":14},{"not_picked":["Corpse Explosion","Venomology"],"picked":"Unload","floor":16},{"not_picked":["Bane","Escape Plan"],"picked":"Skewer","floor":20}],"player_experience":71606,"potions_floor_usage":[7,14,16,22],"damage_taken":[{"damage":1,"enemies":"Jaw Worm","floor":1,"turns":5},{"damage":0,"enemies":"Cultist","floor":4,"turns":5},{"damage":0,"enemies":"2 Louse","floor":5,"turns":3},{"damage":16,"enemies":"Gremlin Nob","floor":7,"turns":5},{"damage":5,"enemies":"Exordium Thugs","floor":13,"turns":8},{"damage":35,"enemies":"Gremlin Gang","floor":14,"turns":8},{"damage":14,"enemies":"The Guardian","floor":16,"turns":15},{"damage":0,"enemies":"3 Byrds","floor":18,"turns":6},{"damage":1,"enemies":"Shell Parasite","floor":20,"turns":6},{"damage":22,"enemies":"Snake Plant","floor":22,"turns":5},{"damage":54,"enemies":"Book of Stabbing","floor":24,"turns":7}],"event_choices":[{"event_name":"Golden Idol","player_choice":"Take Damage","floor":3,"damage_taken":0},{"event_name":"Living Wall","player_choice":"Forget","floor":10,"damage_taken":0},{"event_name":"Big Fish","player_choice":"Box","floor":12,"damage_taken":0},{"event_name":"Forgotten Altar","player_choice":"Gave Idol","floor":19,"damage_taken":0}],"boss_relics":[{"not_picked":["Astrolabe","Velvet Choker"],"picked":"Black Star"}],"potions_floor_spawned":[1,7,14,20],"seed_played":"-2652407098640314302","killed_by":"Book of Stabbing","ascension_level":0,"is_trial":false}