{"path_per_floor":["M","$","M","?","?","R","?","M","T","E","M","E","R","E","R","B",null,"M","?","M","$","M","E","M","R","T","R","$","E","?","?","R","B",null,"M","?","?","?","$","E","R","E","T","M","M","$","M","$","R","B"],"character_chosen":"THE_SILENT","items_purchased":["Membership Card","Blur","Gremlin Horn","Footwork","Noxious Fumes"],"gold_per_floor":[215,25,35,35,35,35,35,54,54,83,100,134,134,167,167,268,268,281,281,299,239,255,287,302,302,374,374,70,99,69,69,69,171,171,191,246,246,246,146,180,180,211,211,224,236,179,198,51,51,51],"floor_reached":51,"campfire_rested":2,"playtime":4180,"current_hp_per_floor":[70,70,67,72,72,72,72,72,72,72,72,54,54,26,48,27,75,75,75,75,75,56,43,43,65,75,75,75,74,74,74,74,85,85,85,74,74,74,74,74,74,76,76,78,70,70,72,72,72,85],"items_purged":["Strike_G","Strike_G","Strike_G","Defend_G"],"gold":51,"score":1116,"play_id":"2b4f9ec3-6004-4069-bbbe-61a190442ed3","local_time":"20180410121121","is_prod":false,"is_daily":false,"is_ascension_mode":true,"campfire_upgraded":6,"timestamp":1523376681,"path_taken":["M","$","M","?","?","R","?","M","T","E","M","E","R","E","R","BOSS","M","?","M","$","M","E","?","R","T","R","$","E","?","?","R","BOSS","M","?","?","?","?","E","R","E","T","M","M","$","M","$","R","BOSS"],"build_version":"2018-04-05v2","purchased_purges":4,"victory":true,"master_deck":["Defend_G","Defend_G","Defend_G","Defend_G","Survivor","Neutralize+1","Backflip","Footwork+1","Noxious Fumes+1","Blur+1","Acrobatics+1","Footwork+1","Blur+1","Night Terror+1","Blur+1","Noxious Fumes+1","Dodge and Roll+1","Footwork+1","Backflip+1","Noxious Fumes"],"max_hp_per_floor":[70,70,70,75,75,75,75,75,75,75,75,75,75,75,75,75,75,75,75,75,75,75,75,75,75,85,85,85,85,85,85,85,85,85,85,85,85,85,85,85,85,85,85,85,85,85,85,85,85,85],"relics":["Ring of the Snake","Membership Card","Toolbox","Omamori","Torii","Bottled Flame","Velvet Choker","Pantograph","Pear","Gremlin Horn","Tingsha","Black Star","Girya","Blood Vial","Pen Nib","Vajra","Lantern","Matryoshka"],"card_choices":[{"not_picked":["Dagger Spray","Slice"],"picked":"Backflip","floor":1},{"not_picked":["Cloak And Dagger","Poisoned Stab"],"picked":"Footwork","floor":3},{"not_picked":["Bane","Quick Slash"],"picked":"Noxious Fumes","floor":8},{"not_picked":["Quick Slash","Underhanded Strike"],"picked":"Blur","floor":11},{"not_picked":["Concentrate","Dash"],"picked":"Acrobatics","floor":18},{"not_picked":["Skewer","All Out Attack"],"picked":"Footwork","floor":22},{"not_picked":["Doppelganger","Venomology"],"picked":"Night Terror","floor":33},{"not_picked":["Well Laid Plans","Eviscerate"],"picked":"Blur","floor":36},{"not_picked":["Tools of the Trade","Terror"],"picked":"Noxious Fumes","floor":40},{"not_picked":["Flying Knee","Accuracy"],"picked":"Dodge and Roll","floor":45},{"not_picked":["Deadly Poison","Skewer"],"picked":"Backflip","floor":47}],"player_experience":246150,"potions_floor_usage":[10,10,12,29,29,40,40,50,50,50],"damage_taken":[{"damage":0,"enemies":"2 Louse","floor":1,"turns":5},{"damage":3,"enemies":"Cultist","floor":3,"turns":6},{"damage":0,"enemies":"Jaw Worm","floor":8,"turns":7},{"damage":0,"enemies":"Lagavulin","floor":10,"turns":9},{"damage":0,"enemies":"Red Slaver","floor":11,"turns":7},{"damage":18,"enemies":"Gremlin Nob","floor":12,"turns":5},{"damage":28,"enemies":"3 Sentries","floor":14,"turns":9},{"damage":21,"enemies":"Hexaghost","floor":16,"turns":12},{"damage":0,"enemies":"Shell Parasite","floor":18,"turns":9},{"damage":0,"enemies":"3 Byrds","floor":20,"turns":4},{"damage":19,"enemies":"Slaver and Parasite","floor":22,"turns":8},{"damage":13,"enemies":"Slavers","floor":23,"turns":8},{"damage":0,"enemies":"3 Cultists","floor":24,"turns":6},{"damage":1,"enemies":"Gremlin Leader","floor":29,"turns":13},{"damage":0,"enemies":"Collector","floor":33,"turns":16},{"damage":0,"enemies":"3 Shapes","floor":35,"turns":7},{"damage":11,"enemies":"Mysterious Sphere","floor":36,"turns":9},{"damage":0,"enemies":"Giant Head","floor":40,"turns":14},{"damage":0,"enemies":"Nemesis","floor":42,"turns":13},{"damage":0,"enemies":"3 Darklings","floor":44,"turns":6},{"damage":10,"enemies":"Sphere and 2 Shapes","floor":45,"turns":6},{"damage":0,"enemies":"4 Shapes","floor":47,"turns":7},{"damage":0,"enemies":"Time Eater","floor":50,"turns":18}],"event_choices":[{"event_name":"Big Fish","player_choice":"Donut","floor":4,"damage_taken":0},{"event_name":"The Lab","player_choice":"Got Potions","floor":5,"damage_taken":0},{"event_name":"The Cleric","player_choice":"Leave","floor":7,"damage_taken":0},{"event_name":"Accursed Blacksmith","player_choice":"Forge","floor":19,"damage_taken":0},{"event_name":"The Woman in Blue","player_choice":"Bought 2 Potions","floor":30,"damage_taken":0},{"event_name":"Back to Basics","player_choice":"Elegance","floor":31,"damage_taken":0},{"event_name":"Mysterious Sphere","player_choice":"Fight","floor":36,"damage_taken":0},{"event_name":"SensoryStone","player_choice":"Memory 1","floor":38,"damage_taken":0}],"boss_relics":[{"not_picked":["Ectoplasm","Tiny House"],"picked":"Velvet Choker"},{"not_picked":["Snecko Eye","Runic Pyramid"],"picked":"Black Star"}],"potions_floor_spawned":[11,12,22,29,33,36,42,45,47],"seed_played":"9023478825387971018","ascension_level":4,"is_trial":false}