{"path_per_floor":["M","M","?","M","?","E","M","E","T","R","M","?","R","M","R","B",null,"M","?","?","$","M","E","R","E","T","E","R","?","$","M","R","B",null,"M","?","M","M","M","E","?","R","T","E","M","$","E","M","R","B"],"character_chosen":"THE_SILENT","items_purchased":["Ginger","Adrenaline","Tactician","Happy Flower"],"gold_per_floor":[109,124,124,135,135,162,179,206,230,230,245,310,310,322,322,423,423,441,441,441,62,80,107,107,135,204,235,235,150,81,101,101,206,206,224,224,240,250,270,298,298,298,367,428,439,119,148,159,159,159],"floor_reached":51,"campfire_rested":0,"playtime":4886,"current_hp_per_floor":[70,70,67,63,63,63,63,57,57,57,57,57,57,57,57,57,67,67,67,67,67,67,67,70,64,64,64,70,70,70,70,70,55,66,66,56,56,56,56,56,56,62,62,62,61,61,61,61,67,67],"items_purged":["Strike_G","Strike_G"],"gold":159,"score":1288,"play_id":"67fb8492-09dd-4dfe-b876-020b3ec88868","local_time":"20180410175221","is_prod":false,"is_daily":false,"is_ascension_mode":true,"campfire_upgraded":4,"timestamp":1523397141,"path_taken":["M","M","?","M","?","E","?","E","T","R","M","?","R","M","R","BOSS","M","?","?","$","M","E","R","E","T","E","R","?","?","M","R","BOSS","M","?","?","M","M","E","?","R","T","E","M","$","E","?","R","BOSS"],"build_version":"2018-04-05v2","purchased_purges":2,"victory":true,"master_deck":["Defend_G+1","Defend_G+3","Survivor+1","Neutralize+1","Flying Knee","Burst+1","Blur","Toxin Wave+1","Blur","Poison Darts+1","Adrenaline","Adrenaline","Tactician","Tactician"],"max_hp_per_floor":[70,70,70,70,70,70,70,70,70,70,70,70,70,70,70,70,70,70,70,70,70,70,70,70,70,70,70,70,70,70,70,70,70,70,70,70,70,70,70,70,70,70,70,70,70,70,70,70,70,70],"relics":["Snecko Scales","War Paint","Simple Rune","Paper Crane","Orichalcum","Kunai","Eternal Feather","Ginger","Darkstone Periapt","Peace Pipe","Garlic","Prayer Wheel","Question Card","Sozu","Girya","Centennial Puzzle","Tiny Chest","Happy Flower","Unceasing Top"],"card_choices":[{"not_picked":["Catalyst","Prepared"],"picked":"Flying Knee","floor":2},{"not_picked":["PiercingWail","Bane"],"picked":"Blur","floor":6},{"not_picked":["Quick Slash","Underhanded Strike"],"picked":"Toxin Wave","floor":7},{"not_picked":["Blade Dance","Heel Hook"],"picked":"Blur","floor":14},{"not_picked":["Wraith Form","Night Terror"],"picked":"Poison Darts","floor":16},{"not_picked":["Wraith Form","Atom Bomb","After Image"],"picked":"Adrenaline","floor":33},{"not_picked":["Acrobatics","Blur","Masterful Stab"],"picked":"Tactician","floor":47}],"player_experience":260610,"potions_floor_usage":[6,16,33,50],"damage_taken":[{"damage":0,"enemies":"Cultist","floor":1,"turns":3},{"damage":0,"enemies":"Jaw Worm","floor":2,"turns":4},{"damage":4,"enemies":"2 Louse","floor":4,"turns":3},{"damage":0,"enemies":"Lagavulin","floor":6,"turns":10},{"damage":0,"enemies":"Blue Slaver","floor":7,"turns":5},{"damage":6,"enemies":"Gremlin Nob","floor":8,"turns":4},{"damage":0,"enemies":"Red Slaver","floor":11,"turns":4},{"damage":0,"enemies":"3 Sentries","floor":12,"turns":5},{"damage":0,"enemies":"Exordium Thugs","floor":14,"turns":4},{"damage":0,"enemies":"Hexaghost","floor":16,"turns":24},{"damage":0,"enemies":"Spheric Guardian","floor":18,"turns":6},{"damage":0,"enemies":"Shell Parasite","floor":22,"turns":4},{"damage":0,"enemies":"Book of Stabbing","floor":23,"turns":6},{"damage":6,"enemies":"Gremlin Leader","floor":25,"turns":9},{"damage":0,"enemies":"Book of Stabbing","floor":27,"turns":7},{"damage":0,"enemies":"Snecko","floor":31,"turns":4},{"damage":15,"enemies":"Collector","floor":33,"turns":9},{"damage":0,"enemies":"3 Shapes","floor":35,"turns":3},{"damage":0,"enemies":"3 Darklings","floor":37,"turns":3},{"damage":0,"enemies":"4 Shapes","floor":38,"turns":2},{"damage":0,"enemies":"Maw","floor":39,"turns":2},{"damage":0,"enemies":"Giant Head","floor":40,"turns":5},{"damage":0,"enemies":"2 Orb Walkers","floor":44,"turns":4},{"damage":1,"enemies":"Sphere and 2 Shapes","floor":45,"turns":3},{"damage":0,"enemies":"Nemesis","floor":47,"turns":3},{"damage":0,"enemies":"3 Darklings","floor":48,"turns":6},{"damage":0,"enemies":"Donu and Deca","floor":50,"turns":6}],"event_choices":[{"event_name":"Scrap Ooze","player_choice":"success","floor":3,"damage_taken":3},{"event_name":"Mirror Mist","player_choice":"Wander","floor":5,"damage_taken":0},{"event_name":"Dead Adventurer","player_choice":"Searched \u00273\u0027 times","floor":12,"damage_taken":0},{"event_name":"Drug Dealer","player_choice":"Ignored","floor":19,"damage_taken":0},{"event_name":"Transmorgrifier","player_choice":"Transform","floor":20,"damage_taken":0},{"event_name":"Addict","player_choice":"Obtained Relic","floor":29,"damage_taken":0},{"event_name":"SensoryStone","player_choice":"Memory 3","floor":36,"damage_taken":0}],"boss_relics":[{"not_picked":["Calling Bell","Pandora\u0027s Box"],"picked":"Eternal Feather"},{"not_picked":["Black Star","Snecko Eye"],"picked":"Sozu"}],"potions_floor_spawned":[1,4,7,14,18,23,31,37,40,44],"seed_played":"3370617584204162632","ascension_level":5,"is_trial":false}