{"path_per_floor":["M","M","?","T","$","E","R","M","T","M","R","E","?","M","R","B",null,"M","?","M","$","M","R","E","M","T","R","$","?","M","M","R","B",null,"M","M","$","?","M","R","?","M","T","R","?","?","M","?","R","B"],"character_chosen":"THE_SILENT","items_purchased":["Noxious Fumes","Juzu Bracelet","Noxious Fumes"],"gold_per_floor":[119,133,83,83,48,75,75,87,87,98,98,123,198,215,215,313,313,329,329,309,234,249,249,275,295,295,295,45,45,60,73,73,175,205,222,236,35,35,53,53,53,66,66,66,66,66,82,0,0,0],"floor_reached":51,"campfire_rested":1,"playtime":2636,"current_hp_per_floor":[70,68,68,68,68,44,44,41,41,34,34,30,19,19,40,14,70,70,70,69,69,69,69,46,44,44,44,44,35,35,35,35,35,40,40,40,40,40,40,40,40,39,39,39,39,34,34,34,34,34],"items_purged":["Strike_G","Strike_G","Strike_G"],"gold":0,"score":802,"play_id":"c577b3d4-103d-4562-9738-a086a73c2648","local_time":"20180414230646","is_prod":false,"is_daily":false,"chose_seed":false,"is_ascension_mode":false,"campfire_upgraded":8,"timestamp":1523761606,"path_taken":["M","M","?","?","$","E","R","M","T","?","R","E","?","M","R","BOSS","M","?","M","$","M","R","E","M","T","R","$","?","M","M","R","BOSS","M","M","$","?","M","R","?","M","T","R","?","?","M","?","R","BOSS"],"build_version":"2018-04-13","seed_source_timestamp":17224484120874,"purchased_purges":3,"victory":true,"master_deck":["Defend_G","Defend_G+1","Defend_G","Defend_G","Survivor","Neutralize+1","Noxious Fumes+1","Leg Sweep+1","Blur","Blur+1","After Image+1","Backflip","Ghostly+1","Ghostly","Ghostly","Ghostly","Ghostly","Burst+1","After Image+1","Noxious Fumes+1","Madness","Madness"],"max_hp_per_floor":[70,70,70,70,70,70,70,70,70,70,70,70,70,70,70,70,70,70,70,70,70,70,70,70,70,70,70,70,35,35,35,35,35,40,40,40,40,40,40,40,40,40,40,40,40,40,40,40,40,40],"relics":["Ring of the Snake","Letter Opener","Shuriken","Lantern","Ornamental Fan","Cursed Key","Whetstone","Juzu Bracelet","Tiny House","Red Mask"],"card_choices":[{"not_picked":["Dagger Throw","Dagger Spray"],"picked":"Terror","floor":2},{"not_picked":["PiercingWail","Acrobatics"],"picked":"Leg Sweep","floor":8},{"not_picked":["Leg Sweep","Distraction"],"picked":"Blur","floor":14},{"not_picked":["Endless Agony","Underhanded Strike"],"picked":"Blur","floor":20},{"not_picked":["Leg Sweep","Backflip"],"picked":"After Image","floor":24},{"not_picked":["Poisoned Stab","Deadly Poison"],"picked":"Backflip","floor":25},{"not_picked":["Phantasmal Killer","Envenom"],"picked":"Burst","floor":33},{"not_picked":["Acrobatics","Sucker Punch"],"picked":"After Image","floor":36}],"player_experience":6748,"potions_floor_usage":[6,50,50],"damage_taken":[{"damage":0,"enemies":"2 Louse","floor":1,"turns":3},{"damage":2,"enemies":"Small Slimes","floor":2,"turns":5},{"damage":24,"enemies":"Gremlin Nob","floor":6,"turns":5},{"damage":3,"enemies":"Jaw Worm","floor":8,"turns":3},{"damage":7,"enemies":"Exordium Thugs","floor":10,"turns":5},{"damage":4,"enemies":"3 Sentries","floor":12,"turns":7},{"damage":0,"enemies":"2 Fungi Beasts","floor":14,"turns":4},{"damage":26,"enemies":"Slime Boss","floor":16,"turns":11},{"damage":0,"enemies":"Shell Parasite","floor":18,"turns":6},{"damage":1,"enemies":"2 Thieves","floor":20,"turns":5},{"damage":0,"enemies":"Snecko","floor":22,"turns":7},{"damage":23,"enemies":"Gremlin Leader","floor":24,"turns":11},{"damage":2,"enemies":"Snake Plant","floor":25,"turns":6},{"damage":0,"enemies":"Centurion and Healer","floor":30,"turns":12},{"damage":0,"enemies":"3 Cultists","floor":31,"turns":6},{"damage":0,"enemies":"Collector","floor":33,"turns":15},{"damage":0,"enemies":"Flame Bruiser 1 Orb","floor":35,"turns":8},{"damage":0,"enemies":"3 Shapes","floor":36,"turns":5},{"damage":0,"enemies":"Flame Bruiser 2 Orb","floor":39,"turns":11},{"damage":1,"enemies":"4 Shapes","floor":42,"turns":7},{"damage":0,"enemies":"Sphere and 2 Shapes","floor":47,"turns":8},{"damage":0,"enemies":"Donu and Deca","floor":50,"turns":12}],"event_choices":[{"event_name":"The Cleric","player_choice":"Card Removal","floor":3,"damage_taken":0},{"event_name":"World of Goop","player_choice":"Gather Gold","floor":13,"damage_taken":0},{"event_name":"Bonfire Elementals","player_choice":"BASIC","floor":19,"damage_taken":0},{"event_name":"Ghosts","player_choice":"Became a Ghost","floor":29,"damage_taken":0},{"event_name":"Purifier","player_choice":"One Purge","floor":41,"damage_taken":0},{"event_name":"SensoryStone","player_choice":"Memory 1","floor":45,"damage_taken":0},{"event_name":"Winding Halls","player_choice":"Embrace Madness","floor":46,"damage_taken":0},{"event_name":"Tomb of Lord Red Mask","player_choice":"Paid","floor":48,"damage_taken":0}],"boss_relics":[{"not_picked":["Eternal Feather","Snecko Eye"],"picked":"Cursed Key"},{"not_picked":["Calling Bell","Runic Pyramid"],"picked":"Tiny House"}],"potions_floor_spawned":[2,8,12,20,30,31,42,47],"seed_played":"-3645129686528177823","ascension_level":0,"is_trial":false}