{"path_per_floor":["M","$","?","?","?","R","$","R","T","?","M","$","?","$","R","B",null,"M","M","?","M","?","R","?","R","T","M","?","R","$","M","R","B",null,"M","?","M","M","M","R","M","E","T","R","$","R","T","$","R","B"],"character_chosen":"THE_SILENT","items_purchased":[],"gold_per_floor":[118,43,43,43,43,43,43,43,43,43,56,56,56,56,56,155,155,167,183,383,397,397,397,397,397,424,424,424,424,424,424,424,523,523,543,543,553,570,587,587,607,637,718,718,718,718,765,765,765,765],"floor_reached":51,"campfire_rested":7,"playtime":342,"current_hp_per_floor":[70,70,63,63,63,63,63,70,84,84,84,84,84,84,84,84,84,84,84,84,84,84,84,68,89,89,89,89,89,89,89,89,89,89,89,89,89,89,86,86,86,86,86,86,86,89,89,89,89,89],"items_purged":["Neutralize"],"gold":765,"score":934,"play_id":"e582f2cd-5da4-48c5-88f5-73d1486a8086","local_time":"20180411223342","is_prod":false,"is_daily":false,"is_ascension_mode":false,"campfire_upgraded":4,"timestamp":1523500422,"path_taken":["M","$","?","?","?","R","$","R","T","?","?","$","?","?","R","BOSS","M","M","?","?","?","R","?","R","T","M","?","R","$","M","R","BOSS","BOSS","M","?","M","?","M","R","?","E","T","R","$","R","?","$","R","BOSS"],"build_version":"2018-04-05v2","purchased_purges":1,"victory":true,"master_deck":["Quick Slash+1","Backflip","Grand Finale+1","Backflip","Grand Finale+1","Grand Finale+1"],"max_hp_per_floor":[70,70,70,70,70,70,70,70,84,84,84,84,84,84,84,84,84,84,84,84,84,84,84,89,89,89,89,89,89,89,89,89,89,89,89,89,89,89,89,89,89,89,89,89,89,89,89,89,89,89],"relics":["Ring of the Snake","NeowsBlessing","Bag of Marbles","Mango","Pandora\u0027s Box","Bag of Preparation","Philosopher\u0027s Stone","Shuriken","Darkstone Periapt","Juzu Bracelet"],"card_choices":[{"not_picked":["Footwork","Dash"],"picked":"Quick Slash","floor":1.0},{"not_picked":["Flying Knee","Dagger Spray"],"picked":"Backflip","floor":11.0},{"not_picked":["Unload","Envenom"],"picked":"Grand Finale","floor":16.0},{"not_picked":["Prepared","Dodge and Roll"],"picked":"Backflip","floor":19.0},{"not_picked":["Tools of the Trade","A Thousand Cuts"],"picked":"Grand Finale","floor":33},{"not_picked":["Heel Hook","Cloak And Dagger"],"picked":"Backflip","floor":35},{"not_picked":["Sucker Punch","Terror"],"picked":"Grand Finale","floor":38}],"player_experience":308081,"potions_floor_usage":[],"damage_taken":[{"damage":0.0,"enemies":"2 Louse","floor":1.0,"turns":1.0},{"damage":0.0,"enemies":"Small Slimes","floor":11.0,"turns":1.0},{"damage":0.0,"enemies":"Hexaghost","floor":16.0,"turns":1.0},{"damage":0.0,"enemies":"3 Byrds","floor":18.0,"turns":1.0},{"damage":0.0,"enemies":"Spheric Guardian","floor":19.0,"turns":1.0},{"damage":0.0,"enemies":"Chosen and Byrds","floor":21.0,"turns":1.0},{"damage":0.0,"enemies":"3 Cultists","floor":27.0,"turns":1.0},{"damage":0.0,"enemies":"Centurion and Healer","floor":31.0,"turns":1.0},{"damage":0.0,"enemies":"Collector","floor":33.0,"turns":1.0},{"damage":0,"enemies":"3 Shapes","floor":35,"turns":1},{"damage":0,"enemies":"Orb Walker","floor":37,"turns":1},{"damage":0,"enemies":"3 Darklings","floor":38,"turns":1},{"damage":3,"enemies":"Sphere and 2 Shapes","floor":39,"turns":1},{"damage":0,"enemies":"Maw","floor":41,"turns":1},{"damage":0,"enemies":"Nemesis","floor":42,"turns":1},{"damage":0,"enemies":"Donu and Deca","floor":50,"turns":1}],"event_choices":[{"event_name":"Golden Wing","player_choice":"Card Removal","floor":3.0,"damage_taken":0.0},{"event_name":"Wheel of Change","player_choice":"Relic","floor":4.0,"damage_taken":0.0},{"event_name":"The Cleric","player_choice":"Leave","floor":5.0,"damage_taken":0.0},{"event_name":"Accursed Blacksmith","player_choice":"Ignore","floor":10.0,"damage_taken":0.0},{"event_name":"Golden Idol","player_choice":"Ignored","floor":13.0,"damage_taken":0.0},{"event_name":"The Joust","player_choice":"Bet on Owner","floor":20.0,"damage_taken":0.0},{"event_name":"Vampires","player_choice":"Ignored","floor":22.0,"damage_taken":0.0},{"event_name":"Forgotten Altar","player_choice":"Shed Blood","floor":24.0,"damage_taken":0.0},{"event_name":"Drug Dealer","player_choice":"Ignored","floor":28.0,"damage_taken":0.0}],"boss_relics":[{"not_picked":["Eternal Feather","Velvet Choker"],"picked":"Philosopher\u0027s Stone"}],"potions_floor_spawned":[1,11,18,27,38,42],"seed_played":"-19327902","ascension_level":0,"is_trial":false}