{"path_per_floor":["M","?","M","M","?","R","M","M","T","R","?","$","M","?","R","B",null,"M","?","?","M","?","R","M","M","T","$","M","R","E","?","R","B",null,"M","?","?","M","?","E","R","M","T","T","R","M","R","M","R","B"],"character_chosen":"THE_SILENT","items_purchased":["Panache","Singing Bowl","Cloak And Dagger","Toxic Egg 2"],"gold_per_floor":[117,117,131,150,150,150,169,187,187,187,487,41,55,55,55,151,151,171,221,221,238,238,238,258,271,297,50,69,69,103,18,18,95,95,113,113,113,126,126,158,158,168,168,168,168,179,179,196,196,196],"floor_reached":51,"campfire_rested":2,"playtime":2452,"current_hp_per_floor":[56,56,54,54,42,42,38,36,36,36,24,24,20,20,38,45,59,51,51,51,52,52,52,45,50,55,55,56,56,52,52,52,48,62,69,59,59,48,48,50,50,57,57,57,57,64,64,69,75,66],"items_purged":["Strike_G"],"gold":196,"score":1183,"play_id":"397ed999-8eca-4150-8c12-860c44e3bc75","local_time":"20180419225653","is_prod":false,"is_daily":false,"chose_seed":false,"is_ascension_mode":true,"campfire_upgraded":8,"timestamp":1524193013,"path_taken":["M","?","?","M","?","R","M","M","T","R","?","$","?","?","R","BOSS","M","?","?","M","?","R","M","M","T","?","?","R","E","?","R","BOSS","M","?","?","M","?","E","R","M","T","?","R","?","R","M","R","BOSS"],"build_version":"2018-04-12","seed_source_timestamp":185886042861877,"purchased_purges":1,"victory":true,"master_deck":["Defend_G+1","Defend_G+1","Defend_G+1","Defend_G+1","Defend_G+1","Strike_G+1","Strike_G+1","Strike_G+1","Neutralize+1","AscendersBane","Cloak And Dagger+1","Accuracy+1","PiercingWail+1","Well Laid Plans","Cloak And Dagger+1","Panache+1","Cloak And Dagger+1","Adrenaline+1","Malaise+1","Acrobatics","Night Terror+1","Backflip+1","Storm of Steel+1","Finesse+1","Deep Breath+1","Flash of Steel","Acrobatics+1","Calculated Gamble+1"],"max_hp_per_floor":[66,61,61,61,61,61,61,61,61,61,61,61,63,63,63,63,63,65,65,65,65,65,65,65,65,65,65,65,65,67,67,67,67,67,69,69,69,71,71,71,71,73,73,73,73,75,75,75,75,75],"relics":["Runic Dome","Bloody Idol","Mercury Hourglass","Old Coin","Singing Bowl","Sozu","Snake Skull","Toxic Egg 2","Centennial Puzzle","Meat on the Bone","Philosopher\u0027s Stone","Dodecahedron","Blue Candle","Bottled Flame"],"card_choices":[{"not_picked":["Deflect","Concentrate"],"picked":"Cloak And Dagger","floor":1},{"not_picked":["Setup","Deflect"],"picked":"Accuracy","floor":3},{"not_picked":["Deadly Poison","Finisher"],"picked":"PiercingWail","floor":4},{"not_picked":["Prepared","Distraction"],"picked":"Well Laid Plans","floor":7},{"not_picked":["Backflip","Endless Agony"],"picked":"Cloak And Dagger","floor":8},{"not_picked":["Corpse Explosion","Envenom"],"picked":"Adrenaline","floor":16},{"not_picked":["Backflip","Eviscerate"],"picked":"Malaise","floor":21},{"not_picked":["Outmaneuver","Poisoned Stab"],"picked":"Acrobatics","floor":24},{"not_picked":["Cloak And Dagger","Sucker Punch"],"picked":"Night Terror","floor":25},{"not_picked":["Prepared","Dagger Spray"],"picked":"Backflip","floor":28},{"not_picked":["A Thousand Cuts","Phantasmal Killer"],"picked":"Storm of Steel","floor":33},{"not_picked":["Flash of Steel","Transmutation"],"picked":"Finesse","floor":36},{"not_picked":["Good Instincts","Flash of Steel"],"picked":"Deep Breath","floor":36},{"not_picked":["Trip","Good Instincts"],"picked":"Flash of Steel","floor":36},{"not_picked":["Deflect","Outmaneuver"],"picked":"Acrobatics","floor":40},{"not_picked":["Poisoned Stab","Dagger Spray"],"picked":"Calculated Gamble","floor":48}],"player_experience":383912,"potions_floor_usage":[16,16,33],"damage_taken":[{"damage":3,"enemies":"2 Louse","floor":1,"turns":3},{"damage":2,"enemies":"Small Slimes","floor":3,"turns":4},{"damage":0,"enemies":"Cultist","floor":4,"turns":4},{"damage":4,"enemies":"2 Fungi Beasts","floor":7,"turns":4},{"damage":2,"enemies":"Looter","floor":8,"turns":4},{"damage":6,"enemies":"Exordium Wildlife","floor":13,"turns":4},{"damage":5,"enemies":"Hexaghost","floor":16,"turns":10},{"damage":10,"enemies":"2 Thieves","floor":18,"turns":3},{"damage":4,"enemies":"3 Byrds","floor":21,"turns":4},{"damage":12,"enemies":"Snake Plant","floor":24,"turns":4},{"damage":0,"enemies":"3 Cultists","floor":25,"turns":3},{"damage":4,"enemies":"Centurion and Healer","floor":28,"turns":5},{"damage":11,"enemies":"Gremlin Leader","floor":30,"turns":5},{"damage":9,"enemies":"Collector","floor":33,"turns":6},{"damage":0,"enemies":"Orb Walker","floor":35,"turns":3},{"damage":18,"enemies":"3 Darklings","floor":38,"turns":3},{"damage":15,"enemies":"Giant Head","floor":40,"turns":6},{"damage":0,"enemies":"Maw","floor":42,"turns":5},{"damage":0,"enemies":"Sphere and 2 Shapes","floor":46,"turns":2},{"damage":0,"enemies":"4 Shapes","floor":48,"turns":5},{"damage":9,"enemies":"Awakened One","floor":50,"turns":11}],"event_choices":[{"event_name":"Golden Idol","player_choice":"Lose Max HP","floor":2,"damage_taken":0},{"event_name":"Shining Light","player_choice":"Entered Light","floor":5,"damage_taken":0},{"event_name":"Scrap Ooze","player_choice":"success","floor":11,"damage_taken":12},{"event_name":"Liars Game","player_choice":"disagreed","floor":14,"damage_taken":0},{"event_name":"The Joust","player_choice":"Bet on Murderer","floor":19,"damage_taken":0},{"event_name":"Forgotten Altar","player_choice":"Gave Idol","floor":20,"damage_taken":0},{"event_name":"Back to Basics","player_choice":"Simplicity","floor":22,"damage_taken":0},{"event_name":"Addict","player_choice":"Obtained Relic","floor":31,"damage_taken":0},{"event_name":"SensoryStone","player_choice":"Memory 3","floor":36,"damage_taken":0},{"event_name":"Purifier","player_choice":"One Purge","floor":37,"damage_taken":0}],"boss_relics":[{"not_picked":["White Beast Statue","Lizard Tail"],"picked":"Sozu"},{"not_picked":["Tiny House","Pandora\u0027s Box"],"picked":"Philosopher\u0027s Stone"}],"potions_floor_spawned":[4,7,16,24,25,28,33,40,42,48],"seed_played":"6824052993868168068","ascension_level":14,"is_trial":false}