{"path_per_floor":["M","M","?","?","?","R","E","M","T","M","T","M","M","$","R"],"character_chosen":"THE_SILENT","items_purchased":["Omamori"],"gold_per_floor":[142,152,152,77,77,77,102,117,144,157,206,217,234,15,15,15],"floor_reached":16,"campfire_rested":0,"playtime":877,"current_hp_per_floor":[63,63,42,42,42,42,36,36,36,41,41,36,36,36,36,0],"items_purged":["Strike_G"],"gold":15,"score":179,"play_id":"7242fbf6-5368-46dd-a8cd-c6e7b9d18690","local_time":"20180420191817","is_prod":false,"is_daily":false,"chose_seed":false,"is_ascension_mode":true,"campfire_upgraded":2,"timestamp":1524266297,"path_taken":["M","M","?","?","?","R","E","M","T","?","?","M","M","$","R","BOSS"],"build_version":"2018-04-19","seed_source_timestamp":260110259336849,"purchased_purges":1,"victory":false,"master_deck":["Defend_G+1","Defend_G+1","Defend_G","Defend_G","Defend_G","Strike_G","Strike_G","Strike_G+1","Survivor","Neutralize","AscendersBane","Cloak And Dagger","Terror","After Image+1","Envenom","Slice","Footwork+1","Blur","Leg Sweep"],"max_hp_per_floor":[71,71,71,71,71,71,71,71,71,71,71,71,71,71,71,71],"relics":["Tiny House","Vajra","Prayer Wheel","Ancient Tea Set","Omamori"],"card_choices":[{"not_picked":["Dagger Spray","Reflex"],"picked":"Cloak And Dagger","floor":0},{"not_picked":["Eviscerate","Quick Slash"],"picked":"Terror","floor":1},{"not_picked":["Underhanded Strike","Acrobatics"],"picked":"After Image","floor":2},{"not_picked":["Backflip","Deadly Poison"],"picked":"Envenom","floor":7},{"not_picked":["Bane","Underhanded Strike"],"picked":"Slice","floor":8},{"not_picked":["Dagger Throw","Deadly Poison"],"picked":"Footwork","floor":10},{"not_picked":["Deflect","Underhanded Strike"],"picked":"Blur","floor":12},{"not_picked":["Dodge and Roll","Underhanded Strike"],"picked":"Leg Sweep","floor":13}],"player_experience":387950,"potions_floor_usage":[7,7,10],"damage_taken":[{"damage":1,"enemies":"Jaw Worm","floor":1,"turns":6},{"damage":0,"enemies":"Small Slimes","floor":2,"turns":4},{"damage":6,"enemies":"Lagavulin","floor":7,"turns":9},{"damage":0,"enemies":"2 Louse","floor":8,"turns":3},{"damage":7,"enemies":"Large Slime","floor":10,"turns":7},{"damage":5,"enemies":"Lots of Slimes","floor":12,"turns":7},{"damage":0,"enemies":"Blue Slaver","floor":13,"turns":6},{"damage":40,"enemies":"Hexaghost","floor":16,"turns":16}],"event_choices":[{"event_name":"Shining Light","player_choice":"Entered Light","floor":3,"damage_taken":0},{"event_name":"The Cleric","player_choice":"Card Removal","floor":4,"damage_taken":0},{"event_name":"Liars Game","player_choice":"disagreed","floor":5,"damage_taken":0}],"boss_relics":[],"potions_floor_spawned":[2,8],"seed_played":"-5614874812363178467","killed_by":"Hexaghost","ascension_level":15,"is_trial":false}