{"path_per_floor":["M","?","M","M","M","E","R","T","T","R","M","$","R","?","R","B",null,"M","M","?","?","M","R","M","M","T","M","?"],"character_chosen":"IRONCLAD","items_purchased":["Perfected Strike"],"gold_per_floor":[114,114,131,146,161,188,188,241,241,241,256,209,209,263,263,364,364,364,364,364,364,364,364,364,364,364,364,364],"floor_reached":29,"campfire_rested":3,"playtime":5083,"current_hp_per_floor":[80,80,71,77,71,32,56,56,56,56,33,33,57,57,80,45,80,73,78,78,78,64,64,57,35,35,10,10],"items_purged":[],"gold":364,"play_id":"9d342bb9-2253-4d8b-a2f8-d40872d2bff4","is_prod":false,"is_daily":false,"is_ascension_mode":false,"campfire_upgraded":2,"path_taken":["M","?","M","M","M","E","R","?","T","R","M","?","R","?","R","BOSS","M","M","?","?","M","R","?","M","T","?","?","M"],"build_version":"2018-01-25-PROD3","purchased_purges":0,"victory":false,"master_deck":["Strike_R+1","Strike_R+1","Strike_R+1","Strike_R+1","Strike_R+1","Defend_R+1","Defend_R+1","Defend_R+1","Defend_R+1","Bash+1","Thunderclap","Battle Trance","Inflame","Pommel Strike","Cleave+1","Second Wind","Perfected Strike","Offering","Heavy Blade+1","Infernal Blade+1","Offering","Rampage","Flex+1","Dropkick"],"max_hp_per_floor":[80,80,80,80,80,80,80,80,80,80,80,80,80,80,80,80,80,80,80,80,80,80,80,80,80,80,80,80],"relics":["Burning Blood","Torii","Ancient Tea Set","Molten Egg","Ectoplasm","Omamori","Charon\u0027s Ashes"],"card_choices":[{"not_picked":["Heavy Blade","Burning Pact"],"picked":"Thunderclap"},{"not_picked":["Clash","Inflame"],"picked":"Battle Trance"},{"not_picked":["Anger","Clothesline"],"picked":"Inflame"},{"not_picked":["Clothesline","Headbutt"],"picked":"Pommel Strike"},{"not_picked":["Berserk","Pommel Strike"],"picked":"Cleave"},{"not_picked":["Burning Pact","Heavy Blade"],"picked":"Second Wind"},{"not_picked":["Demon Form","Barricade"],"picked":"Offering"},{"not_picked":["Wild Strike","Second Wind"],"picked":"Heavy Blade"},{"not_picked":["Headbutt","Shrug It Off"],"picked":"Infernal Blade"},{"not_picked":["Clothesline","Rampage"],"picked":"Offering"},{"not_picked":["Feel No Pain","Warcry"],"picked":"Rampage"},{"not_picked":["Twin Strike","Spot Weakness"],"picked":"Flex"},{"not_picked":["Dual Wield","Heavy Blade"],"picked":"Dropkick"}],"player_experience":88802,"potions_floor_usage":[24,25,27,29],"damage_taken":[{"damage":1.0,"enemies":"Cultist","floor":1.0,"turns":4.0},{"damage":15.0,"enemies":"Blue Slaver","floor":3.0,"turns":6.0},{"damage":0.0,"enemies":"Small Slimes","floor":4.0,"turns":4.0},{"damage":12.0,"enemies":"Looter","floor":5.0,"turns":4.0},{"damage":45.0,"enemies":"3 Sentries","floor":6.0,"turns":8.0},{"damage":29.0,"enemies":"Exordium Thugs","floor":11.0,"turns":5.0},{"damage":41.0,"enemies":"The Guardian","floor":16.0,"turns":10.0},{"damage":13,"enemies":"Spheric Guardian","floor":18,"turns":4},{"damage":1,"enemies":"Chosen","floor":19,"turns":5},{"damage":20,"enemies":"Sentry and Sphere","floor":22,"turns":5},{"damage":13,"enemies":"Centurion and Healer","floor":24,"turns":4},{"damage":28,"enemies":"Slaver and Parasite","floor":25,"turns":5},{"damage":31,"enemies":"Snake Plant","floor":27,"turns":3},{"damage":11,"enemies":"Centurion and Healer","floor":29,"turns":2}],"event_choices":[{"event_name":"The Cleric","player_choice":"Leave","floor":2.0,"damage_taken":0.0},{"event_name":"Golden Wing","player_choice":"Gained Gold","floor":14.0,"damage_taken":0.0},{"event_name":"Drug Dealer","player_choice":"Ignored","floor":20,"damage_taken":0},{"event_name":"The Mausoleum","player_choice":"Yes","floor":21,"damage_taken":0},{"event_name":"Back to Basics","player_choice":"Simplicity","floor":28,"damage_taken":0}],"boss_relics":[{"not_picked":["Snecko Eye","Calling Bell"],"picked":"Ectoplasm"}],"potions_floor_spawned":[3,11,16,22,24,25],"seed_played":"-746462970555906363","killed_by":"Centurion and Healer","ascension_level":0,"is_trial":false}