{"path_per_floor":["M","?","M","$","?","R","M","?","T","?","E","T","M","M","R","B",null,"M","M","M","?","$","R","$","M","T","M","?","M","R","$","R","B",null,"M","?","$","M","$","R","M","?","T","R","M","M","?","M","R"],"character_chosen":"IRONCLAD","items_purchased":["Jack Of All Trades","Anchor"],"gold_per_floor":[13,13,29,29,204,204,214,275,275,275,301,301,318,335,335,438,438,452,472,486,486,315,315,62,76,76,87,87,98,98,98,98,203,203,215,215,90,110,110,110,121,0,0,0,17,29,29,39,39],"floor_reached":50,"campfire_rested":2,"playtime":2931,"current_hp_per_floor":[80,68,74,74,74,74,73,55,55,39,45,45,51,57,80,41,80,80,70,67,67,67,67,67,73,73,79,79,80,80,80,80,66,80,80,80,80,80,80,80,54,54,54,54,52,58,58,52,80],"items_purged":["Doubt","Injury","Second Wind"],"gold":39,"score":419,"play_id":"f6000ae2-9387-4756-949e-ebfe164541c3","is_prod":false,"is_daily":false,"is_ascension_mode":false,"campfire_upgraded":6,"path_taken":["M","?","?","$","?","R","M","?","T","?","E","?","M","M","R","BOSS","M","M","?","?","$","R","$","M","T","M","?","?","R","$","R","BOSS","M","?","$","M","$","R","M","?","T","R","M","M","?","M","R","BOSS"],"build_version":"2018-02-12-PROD1","purchased_purges":3,"victory":false,"master_deck":["Strike_R+1","Strike_R","Strike_R","Defend_R","Defend_R","Defend_R","Defend_R","Bash+1","Shrug It Off","Battle Trance","Inflame+1","Whirlwind+1","Fiend Fire+1","Metallicize","Infernal Blade+1","Warcry+1","Jack Of All Trades+1","Exhume+1","Warcry+1","Double Tap","Flex","Infernal Blade+1","Flex+1"],"max_hp_per_floor":[80,80,80,80,80,80,80,80,80,80,80,80,80,80,80,80,80,80,80,80,80,80,80,80,80,80,80,80,80,80,80,80,80,80,80,80,80,80,80,80,80,80,80,80,80,80,80,80,80],"relics":["Burning Blood","Charon\u0027s Ashes","Bronze Scales","Bag of Preparation","Gambling Chip","Oddly Smooth Stone","Calling Bell","Paper Frog","Regal Pillow","Orichalcum","Anchor","Champion Belt","Philosopher\u0027s Stone","Red Mask","Red Skull"],"card_choices":[{"not_picked":["Second Wind","Dual Wield"],"picked":"Battle Trance"},{"not_picked":["True Grit","Entrench"],"picked":"Inflame"},{"not_picked":["Heavy Blade","Headbutt"],"picked":"Whirlwind"},{"not_picked":["Headbutt","Sword Boomerang"],"picked":"Fiend Fire"},{"not_picked":["Combust","Headbutt"],"picked":"Metallicize"},{"not_picked":["Feel No Pain","Anger"],"picked":"Metallicize"},{"not_picked":["Feel No Pain","Battle Trance"],"picked":"Infernal Blade"},{"not_picked":["Iron Wave","Twin Strike"],"picked":"Warcry"},{"not_picked":["Heavy Blade","Twin Strike"],"picked":"Exhume"},{"not_picked":["Armaments","Bloodletting"],"picked":"Warcry"},{"not_picked":["Fiend Fire","Demon Form"],"picked":"Double Tap"},{"not_picked":["Sword Boomerang","True Grit"],"picked":"Flex"},{"not_picked":["Armaments","Juggernaut"],"picked":"Infernal Blade"},{"not_picked":["Clash","Dual Wield"],"picked":"Flex"}],"player_experience":169754,"potions_floor_usage":[50,50],"damage_taken":[{"damage":2.0,"enemies":"Small Slimes","floor":1.0,"turns":4.0},{"damage":0.0,"enemies":"2 Louse","floor":3.0,"turns":2.0},{"damage":7.0,"enemies":"Blue Slaver","floor":7.0,"turns":3.0},{"damage":24.0,"enemies":"3 Sentries","floor":8.0,"turns":4.0},{"damage":0.0,"enemies":"Lagavulin","floor":11.0,"turns":3.0},{"damage":0.0,"enemies":"Lots of Slimes","floor":13.0,"turns":1.0},{"damage":0.0,"enemies":"Exordium Wildlife","floor":14.0,"turns":2.0},{"damage":45.0,"enemies":"The Guardian","floor":16.0,"turns":7.0},{"damage":0.0,"enemies":"3 Byrds","floor":18.0,"turns":3.0},{"damage":16.0,"enemies":"Shell Parasite","floor":19.0,"turns":2.0},{"damage":9.0,"enemies":"Cultist and Chosen","floor":20.0,"turns":4.0},{"damage":0.0,"enemies":"Centurion and Healer","floor":25.0,"turns":2.0},{"damage":0.0,"enemies":"Snake Plant","floor":27.0,"turns":1.0},{"damage":3.0,"enemies":"Snecko","floor":29.0,"turns":3.0},{"damage":26.0,"enemies":"Champ","floor":33.0,"turns":14.0},{"damage":0.0,"enemies":"Orb Walker","floor":35.0,"turns":1.0},{"damage":0.0,"enemies":"3 Darklings","floor":38.0,"turns":1.0},{"damage":32.0,"enemies":"Maw","floor":41.0,"turns":7.0},{"damage":12.0,"enemies":"4 Shapes","floor":45.0,"turns":2.0},{"damage":0.0,"enemies":"3 Darklings","floor":46.0,"turns":1.0},{"damage":12.0,"enemies":"Sphere and 2 Shapes","floor":48.0,"turns":2.0},{"damage":99,"enemies":"Awakened One","floor":50,"turns":6}],"event_choices":[{"event_name":"Scrap Ooze","player_choice":"success","floor":2.0,"damage_taken":12.0},{"event_name":"Liars Game","player_choice":"agreed","floor":5.0,"damage_taken":0.0},{"event_name":"Dead Adventurer","player_choice":"Searched \u00273\u0027 times","floor":8.0,"damage_taken":0.0},{"event_name":"Shining Light","player_choice":"Entered Light","floor":10.0,"damage_taken":0.0},{"event_name":"Purifier","player_choice":"One Purge","floor":21.0,"damage_taken":0.0},{"event_name":"Back to Basics","player_choice":"Elegance","floor":28.0,"damage_taken":0.0},{"event_name":"Mysterious Sphere","player_choice":"Ignore","floor":36.0,"damage_taken":0.0},{"event_name":"Tomb of Lord Red Mask","player_choice":"Paid","floor":42.0,"damage_taken":0.0}],"boss_relics":[],"potions_floor_spawned":[1,3,8,14,18,29,35,38],"seed_played":"4817392118531456485","killed_by":"Awakened One","ascension_level":0,"is_trial":false}