{"path_per_floor":["M","?","?","M","M","M","R","T","T","?","R","M","$","M","R","B",null,"M","?","$","M","M"],"character_chosen":"IRONCLAD","items_purchased":["Uppercut","Pummel","Battle Trance","Block Potion","True Grit"],"gold_per_floor":[111,111,111,123,143,156,156,156,206,206,206,226,2,14,14,109,139,79,79,1,13,30],"floor_reached":23,"campfire_rested":1,"playtime":1564,"current_hp_per_floor":[73,57,57,51,56,53,77,77,77,77,77,71,71,77,77,13,85,58,58,58,28,15],"items_purged":[],"gold":30,"score":181,"play_id":"80911b84-5df0-4210-ac9f-055201337cfd","local_time":"20180310160250","is_prod":false,"is_daily":false,"is_ascension_mode":false,"campfire_upgraded":2,"timestamp":1520715770,"path_taken":["M","?","?","M","M","M","R","?","T","?","R","M","$","M","R","BOSS","M","?","$","M","M","E"],"build_version":"2018-03-09","purchased_purges":0,"victory":false,"master_deck":["Strike_R","Strike_R+1","Strike_R","Strike_R","Strike_R+1","Defend_R","Defend_R+1","Defend_R","Defend_R+1","Bash","Infernal Blade","Normality","Perfected Strike","Perfected Strike","Carnage","Twin Strike+1","Uppercut+1","Pummel","Battle Trance","Flex","Offering","Corruption","Searing Blow","True Grit","Wild Strike+1","Battle Trance+1"],"max_hp_per_floor":[80,80,80,80,80,80,80,80,80,80,80,80,80,80,80,80,85,85,85,85,85,85],"relics":["Burning Blood","Blue Candle","Omamori","Bag of Marbles","Tiny House"],"card_choices":[{"not_picked":["Fire Breathing","True Grit"],"picked":"Infernal Blade"},{"not_picked":["Clash","Clothesline"],"picked":"Perfected Strike"},{"not_picked":["Dual Wield","Flex"],"picked":"Perfected Strike"},{"not_picked":["True Grit","Perfected Strike"],"picked":"Carnage"},{"not_picked":["Shrug It Off","Wild Strike"],"picked":"Twin Strike"},{"not_picked":["Limit Break","Clash"],"picked":"Flex"},{"not_picked":["Exhume","Limit Break"],"picked":"Offering"},{"not_picked":["Iron Wave","Sword Boomerang"],"picked":"Corruption"},{"not_picked":["Burning Pact","Body Slam"],"picked":"Searing Blow"},{"not_picked":["Sword Boomerang","Dual Wield"],"picked":"Wild Strike"},{"not_picked":["Twin Strike","Sword Boomerang"],"picked":"Battle Trance"}],"player_experience":227319,"potions_floor_usage":[16,16,16,22,22,22],"damage_taken":[{"damage":13,"enemies":"Jaw Worm","floor":1,"turns":5},{"damage":12,"enemies":"Small Slimes","floor":4,"turns":3},{"damage":1,"enemies":"Cultist","floor":5,"turns":3},{"damage":9,"enemies":"2 Fungi Beasts","floor":6,"turns":3},{"damage":12,"enemies":"Blue Slaver","floor":12,"turns":2},{"damage":0,"enemies":"3 Louse","floor":14,"turns":1},{"damage":70,"enemies":"The Guardian","floor":16,"turns":13},{"damage":33,"enemies":"2 Thieves","floor":18,"turns":4},{"damage":36,"enemies":"Shell Parasite","floor":21,"turns":6},{"damage":22,"enemies":"Cultist and Chosen","floor":22,"turns":7},{"damage":35,"enemies":"Book of Stabbing","floor":23,"turns":3}],"event_choices":[{"event_name":"Shining Light","player_choice":"Entered Light","floor":2,"damage_taken":0},{"event_name":"Accursed Blacksmith","player_choice":"Rummage","floor":3,"damage_taken":0},{"event_name":"Living Wall","player_choice":"Grow","floor":10,"damage_taken":0},{"event_name":"Addict","player_choice":"Ignored","floor":19,"damage_taken":0}],"boss_relics":[{"not_picked":["White Beast Statue","Eternal Feather"],"picked":"Tiny House"}],"potions_floor_spawned":[1,5,12,16,22],"seed_played":"6505805064167017348","killed_by":"Book of Stabbing","ascension_level":0,"is_trial":false}