{"path_per_floor":["M","M","M","?","?","R","?","$","T","T","R","M","M","M","R","B",null,"M","?","M","$","?","R","M","M","T","?","R","M","M","M","R","B",null,"M","?","M","M","$","R","M","R","T","M","M","M","R","$","R"],"character_chosen":"IRONCLAD","items_purchased":["Panache","Flash of Steel"],"gold_per_floor":[114,126,146,146,146,146,146,71,71,71,71,88,98,117,117,217,217,229,229,241,52,52,52,71,84,130,130,130,147,167,178,178,279,279,292,292,312,328,132,132,151,151,151,170,183,199,199,74,74],"floor_reached":50,"campfire_rested":0,"playtime":3909,"current_hp_per_floor":[80,80,80,64,57,57,62,62,62,62,62,67,68,74,74,32,85,75,60,66,66,66,66,78,75,75,75,75,83,98,103,103,16,103,100,100,101,105,105,105,104,104,118,125,122,129,129,129,129],"items_purged":["Strike_R","Defend_R","Bite_R"],"gold":74,"play_id":"e6b15ac1-3c91-4dd6-92bd-aea8fce0eb9c","is_prod":false,"is_daily":false,"campfire_rituals":0,"campfire_upgraded":10,"is_hardmode":false,"path_taken":["M","M","M","?","?","R","?","?","T","?","R","M","M","?","R","BOSS","M","?","?","$","?","R","M","M","T","?","R","M","M","M","R","BOSS","M","?","M","M","?","R","M","R","T","M","M","?","R","$","R","BOSS"],"build_version":"2018-01-11-PROD2","purchased_purges":3,"victory":false,"master_deck":["Bash","Shrug It Off","Pommel Strike","Battle Trance","Feed","Shrug It Off","Panache","Dual Wield","Bite_R","Bite_R","Bite_R","Bite_R","Pommel Strike","Seeing Red","Flash of Steel","Metallicize"],"max_hp_per_floor":[80,80,80,80,80,80,85,85,85,85,85,85,85,85,85,85,85,88,93,93,93,93,93,96,99,99,99,99,99,103,103,103,103,103,103,103,103,107,107,107,111,111,125,125,129,129,129,129,129],"relics":["Burning Blood","Pen Nib","Regal Pillow","Philosopher\u0027s Stone","Mark of Pain","Mango"],"campfire_meditates":0,"card_choices":[{"not_picked":["Iron Wave","Wild Strike"],"picked":"Shrug It Off"},{"not_picked":["Iron Wave","Feel No Pain"],"picked":"Pommel Strike"},{"not_picked":["True Grit","Warcry"],"picked":"Battle Trance"},{"not_picked":["Berserk","Immolate"],"picked":"Feed"},{"not_picked":["Flex","Wild Strike"],"picked":"Shrug It Off"},{"not_picked":["Wild Strike","Rage"],"picked":"Dual Wield"},{"not_picked":["Entrench","Feel No Pain"],"picked":"Pommel Strike"},{"not_picked":["Inflame","Spot Weakness"],"picked":"Seeing Red"},{"not_picked":["Warcry","Uppercut"],"picked":"Metallicize"}],"player_experience":124167,"potions_floor_usage":[16,18,24,25,50,50,50],"damage_taken":[{"damage":3,"enemies":"Small Slimes","floor":1,"turns":4},{"damage":5,"enemies":"2 Louse","floor":2,"turns":3},{"damage":1,"enemies":"Jaw Worm","floor":3,"turns":5},{"damage":1,"enemies":"Exordium Thugs","floor":12,"turns":5},{"damage":5,"enemies":"Looter","floor":13,"turns":3},{"damage":0,"enemies":"3 Louse","floor":14,"turns":4},{"damage":48,"enemies":"Slime Boss","floor":16,"turns":12},{"damage":19,"enemies":"2 Thieves","floor":18,"turns":3},{"damage":0,"enemies":"Chosen","floor":20,"turns":3},{"damage":12,"enemies":"Slaver and Parasite","floor":24,"turns":7},{"damage":12,"enemies":"Snake Plant","floor":25,"turns":4},{"damage":8,"enemies":"Centurion and Healer","floor":29,"turns":6},{"damage":5,"enemies":"3 Cultists","floor":30,"turns":5},{"damage":0,"enemies":"Snecko","floor":31,"turns":2},{"damage":125,"enemies":"Automaton","floor":33,"turns":13},{"damage":12,"enemies":"Orb Walker","floor":35,"turns":3},{"damage":12,"enemies":"3 Darklings","floor":37,"turns":4},{"damage":14,"enemies":"4 Shapes","floor":38,"turns":2},{"damage":25,"enemies":"Sphere and 2 Shapes","floor":41,"turns":4},{"damage":4,"enemies":"Maw","floor":44,"turns":6},{"damage":15,"enemies":"4 Shapes","floor":45,"turns":3},{"damage":0,"enemies":"3 Darklings","floor":46,"turns":2},{"damage":156,"enemies":"Time Eater","floor":50,"turns":10}],"event_choices":[{"event_name":"Shining Light","player_choice":"Entered Light","floor":4,"damage_taken":0},{"event_name":"Golden Wing","player_choice":"Card Removal","floor":5,"damage_taken":0},{"event_name":"Big Fish","player_choice":"Donut","floor":7,"damage_taken":0},{"event_name":"Forgotten Altar","player_choice":"Shed Blood","floor":19,"damage_taken":0},{"event_name":"Accursed Blacksmith","player_choice":"Forge","floor":22,"damage_taken":0},{"event_name":"Vampires","player_choice":"Became a vampire (Vial)","floor":27,"damage_taken":0}],"boss_relics":[{"not_picked":["White Beast Statue","Calling Bell"],"picked":"Philosopher\u0027s Stone"},{"not_picked":["Astrolabe","Black Blood"],"picked":"Mark of Pain"}],"potions_floor_spawned":[3,13,14,16,20,24,30,31,33,38,41],"seed_played":"-278482423995595077","killed_by":"Time Eater","is_trial":false}