{"path_per_floor":["M","?","M","M","M","R","M","?","T","R","M","R","M","M","R","B",null,"M","?","M","M","M","R","?","R","T","M","M","?","$","T","R","B",null,"M","$","?","?","M","M","M","R","T","M","M","R","M","$","R","B"],"character_chosen":"IRONCLAD","items_purchased":[],"gold_per_floor":[118,118,137,155,172,172,182,182,182,182,194,194,210,229,229,327,327,327,327,327,327,327,327,277,277,277,277,277,202,127,127,127,127,127,127,27,27,27,27,27,27,27,27,27,27,27,27,27,27,27],"floor_reached":51,"campfire_rested":2,"playtime":3396,"current_hp_per_floor":[66,66,67,67,69,69,70,70,70,70,75,75,72,67,67,68,75,76,76,77,77,62,62,62,62,62,49,49,49,49,49,49,31,66,52,52,52,52,53,21,27,50,50,52,54,54,60,60,77,57],"items_purged":["Strike_R","Strike_R"],"gold":27,"play_id":"7d4373b4-6d3f-44c9-98ee-7f4222655353","is_prod":false,"is_daily":false,"is_ascension_mode":true,"campfire_upgraded":7,"path_taken":["M","?","M","M","M","R","M","?","T","R","M","R","M","?","R","BOSS","M","?","M","M","M","R","?","R","T","M","M","?","$","?","R","BOSS","M","$","?","?","M","M","M","R","T","M","M","R","?","?","R","BOSS"],"build_version":"2018-01-25-PROD3","purchased_purges":2,"victory":true,"master_deck":["Strike_R","Strike_R","Defend_R+1","Defend_R","Defend_R","Defend_R","Bash","Iron Wave+1","Body Slam+1","Metallicize+1","Offering","Evolve+1","Body Slam+1","Flame Barrier+1","Barricade+1","Ghostly Armor+1","Ghostly Armor+1","True Grit+1","Shrug It Off+1"],"max_hp_per_floor":[80,77,77,77,77,77,77,77,77,77,77,77,77,77,77,77,77,77,77,77,77,77,77,77,77,77,77,77,77,77,77,77,77,77,77,77,77,77,77,77,77,77,77,77,77,77,77,77,77,77],"relics":["Burning Blood","Spirit Poop","Pen Nib","Ectoplasm","Ginger","Blue Candle","Sozu","Peace Pipe"],"card_choices":[{"not_picked":["Blood for Blood","Twin Strike"],"picked":"Iron Wave"},{"not_picked":["Shockwave","Entrench"],"picked":"Body Slam"},{"not_picked":["Power Through","Fire Breathing"],"picked":"Metallicize"},{"not_picked":["Thunderclap","Heavy Blade"],"picked":"Offering"},{"not_picked":["Twin Strike","Cleave"],"picked":"Evolve"},{"not_picked":["Inflame","Clash"],"picked":"Body Slam"},{"not_picked":["Twin Strike","Havoc"],"picked":"Flame Barrier"},{"not_picked":["Bludgeon","Immolate"],"picked":"Barricade"},{"not_picked":["Dropkick","Sever Soul"],"picked":"Ghostly Armor"},{"not_picked":["Dropkick","Evolve"],"picked":"Ghostly Armor"},{"not_picked":["Iron Wave","Whirlwind"],"picked":"True Grit"},{"not_picked":["Thunderclap","Bludgeon"],"picked":"Shrug It Off"}],"player_experience":723208,"potions_floor_usage":[14,16,16,20,22,28],"damage_taken":[{"damage":12,"enemies":"Small Slimes","floor":1,"turns":4},{"damage":5,"enemies":"Cultist","floor":3,"turns":4},{"damage":6,"enemies":"Blue Slaver","floor":4,"turns":5},{"damage":4,"enemies":"3 Louse","floor":5,"turns":4},{"damage":5,"enemies":"Lots of Slimes","floor":7,"turns":4},{"damage":1,"enemies":"Large Slime","floor":11,"turns":7},{"damage":9,"enemies":"Exordium Thugs","floor":13,"turns":5},{"damage":11,"enemies":"Lots of Slimes","floor":14,"turns":5},{"damage":5,"enemies":"Hexaghost","floor":16,"turns":8},{"damage":5,"enemies":"Shell Parasite","floor":18,"turns":4},{"damage":4,"enemies":"3 Byrds","floor":20,"turns":6},{"damage":5,"enemies":"Centurion and Healer","floor":21,"turns":7},{"damage":21,"enemies":"Sentry and Sphere","floor":22,"turns":6},{"damage":19,"enemies":"Snake Plant","floor":27,"turns":4},{"damage":6,"enemies":"3 Cultists","floor":28,"turns":5},{"damage":24,"enemies":"Collector","floor":33,"turns":9},{"damage":20,"enemies":"3 Darklings","floor":35,"turns":7},{"damage":5,"enemies":"3 Shapes","floor":39,"turns":6},{"damage":38,"enemies":"3 Darklings","floor":40,"turns":8},{"damage":0,"enemies":"Maw","floor":41,"turns":5},{"damage":4,"enemies":"Sphere and 2 Shapes","floor":44,"turns":7},{"damage":4,"enemies":"4 Shapes","floor":45,"turns":7},{"damage":0,"enemies":"Maw","floor":47,"turns":8},{"damage":26,"enemies":"Awakened One","floor":50,"turns":12}],"event_choices":[{"event_name":"Bonfire Elementals","player_choice":"CURSE","floor":2,"damage_taken":0},{"event_name":"Accursed Blacksmith","player_choice":"Forge","floor":8,"damage_taken":0},{"event_name":"The Lab","player_choice":"Got Potions","floor":19,"damage_taken":0},{"event_name":"The Joust","player_choice":"Bet on Murderer","floor":24,"damage_taken":0},{"event_name":"Beggar","player_choice":"Gave Gold","floor":29,"damage_taken":0},{"event_name":"Mysterious Sphere","player_choice":"Ignore","floor":37,"damage_taken":0},{"event_name":"Golden Shrine","player_choice":"Pray","floor":38,"damage_taken":0}],"boss_relics":[{"not_picked":["Pandora\u0027s Box","Velvet Choker"],"picked":"Ectoplasm"},{"not_picked":["Runic Pyramid","Lizard Tail"],"picked":"Sozu"}],"potions_floor_spawned":[1,7,13,14,18,20,27,35,39,44],"seed_played":"7231217954329004250","ascension_level":10,"is_trial":false}