{"path_per_floor":["M","?","M","M","?","R","M","R","T","R","M","R","M","M","R","B",null,"M","?","?","M","?","R","M","R","T","R","M","R","$","$","R","B",null,"M","M","M","M","?","R","?","?","T","M","R","?","M","M","R","B"],"character_chosen":"IRONCLAD","items_purchased":["Oddly Smooth Stone"],"gold_per_floor":[18,18,33,50,0,0,11,11,11,11,22,22,38,57,57,161,161,161,161,161,161,161,161,161,161,161,161,161,161,11,11,11,11,11,11,11,11,11,11,11,11,11,11,11,11,11,11,11,11,11],"floor_reached":51,"campfire_rested":0,"playtime":2715,"current_hp_per_floor":[80,80,80,80,80,80,80,80,80,80,80,80,80,73,73,79,80,77,77,77,86,86,86,84,84,84,84,89,89,89,89,89,88,89,92,95,95,86,95,95,85,85,85,94,94,94,98,100,100,96],"items_purged":[],"gold":11,"play_id":"eed06d37-b088-4ad7-afcf-f44faf107c75","is_prod":false,"is_daily":false,"is_ascension_mode":false,"campfire_upgraded":10,"path_taken":["M","?","?","M","?","R","?","R","T","R","M","R","M","M","R","BOSS","M","?","?","M","?","R","M","R","T","R","M","R","?","$","R","BOSS","M","M","M","M","?","R","?","?","T","?","R","?","M","M","R","BOSS"],"build_version":"2018-02-01-PROD3","purchased_purges":0,"victory":true,"master_deck":["Strike_R","Defend_R+1","Defend_R+1","Defend_R","Defend_R","Bash+1","Impervious","Body Slam+1","Body Slam+1","Ghostly Armor+1","Feed","Shrug It Off+1","Battle Trance+1","Shrug It Off+1","Disarm+1","Entrench+1","Offering","Rampage+1","Spot Weakness+1","Shrug It Off+1","Madness","Madness","Metallicize+1","Seeing Red+1"],"max_hp_per_floor":[80,80,80,80,80,80,80,80,80,80,80,80,80,80,80,80,80,83,83,83,86,86,86,89,89,89,89,89,89,89,89,89,89,89,92,95,95,95,95,95,95,95,95,98,98,98,98,101,101,101],"relics":["Burning Blood","Dead Branch","Omamori","Ectoplasm","Girya","Bronze Scales","Oddly Smooth Stone","Astrolabe","Frozen Eye"],"card_choices":[{"not_picked":["Rage","True Grit"],"picked":"Impervious"},{"not_picked":["Clash","Spot Weakness"],"picked":"Body Slam"},{"not_picked":["Feel No Pain","Clothesline"],"picked":"Body Slam"},{"not_picked":["Flex","Heavy Blade"],"picked":"Ghostly Armor"},{"not_picked":["Immolate","Reaper"],"picked":"Feed"},{"not_picked":["Armaments","Pommel Strike"],"picked":"Shrug It Off"},{"not_picked":["Clash","Pommel Strike"],"picked":"Shrug It Off"},{"not_picked":["Second Wind","Clash"],"picked":"Disarm"},{"not_picked":["Sword Boomerang","Iron Wave"],"picked":"Entrench"},{"not_picked":["Exhume","Demon Form"],"picked":"Offering"},{"not_picked":["Ghostly Armor","Wild Strike"],"picked":"Shrug It Off"},{"not_picked":["Warcry","Carnage"],"picked":"Seeing Red"}],"player_experience":905243,"potions_floor_usage":[7,18,18,44,44,50,50],"damage_taken":[{"damage":3,"enemies":"Small Slimes","floor":1,"turns":3},{"damage":1,"enemies":"Cultist","floor":3,"turns":3},{"damage":0,"enemies":"2 Louse","floor":4,"turns":3},{"damage":0,"enemies":"Lots of Slimes","floor":7,"turns":7},{"damage":0,"enemies":"Large Slime","floor":11,"turns":5},{"damage":2,"enemies":"Looter","floor":13,"turns":3},{"damage":13,"enemies":"Lots of Slimes","floor":14,"turns":5},{"damage":0,"enemies":"Slime Boss","floor":16,"turns":3},{"damage":27,"enemies":"Spheric Guardian","floor":18,"turns":9},{"damage":0,"enemies":"3 Byrds","floor":21,"turns":5},{"damage":11,"enemies":"Cultist and Chosen","floor":24,"turns":5},{"damage":0,"enemies":"Snecko","floor":28,"turns":5},{"damage":7,"enemies":"Collector","floor":33,"turns":11},{"damage":0,"enemies":"Orb Walker","floor":35,"turns":3},{"damage":4,"enemies":"3 Shapes","floor":36,"turns":2},{"damage":5,"enemies":"Sphere and 2 Shapes","floor":37,"turns":5},{"damage":15,"enemies":"Maw","floor":38,"turns":6},{"damage":0,"enemies":"4 Shapes","floor":44,"turns":5},{"damage":0,"enemies":"Sphere and 2 Shapes","floor":47,"turns":4},{"damage":7,"enemies":"3 Darklings","floor":48,"turns":3},{"damage":10,"enemies":"Donu and Deca","floor":50,"turns":1}],"event_choices":[{"event_name":"Upgrade Shrine","player_choice":"Upgraded","floor":2,"damage_taken":0},{"event_name":"The Cleric","player_choice":"Card Removal","floor":5,"damage_taken":0},{"event_name":"Drug Dealer","player_choice":"Ignored","floor":19,"damage_taken":0},{"event_name":"The Library","player_choice":"Read","floor":20,"damage_taken":0},{"event_name":"The Mausoleum","player_choice":"Yes","floor":22,"damage_taken":0},{"event_name":"Wheel of Change","player_choice":"Full Heal","floor":39,"damage_taken":0},{"event_name":"Winding Halls","player_choice":"Embrace Madness","floor":41,"damage_taken":0},{"event_name":"Match and Keep!","player_choice":"1 cards matched","floor":42,"damage_taken":0}],"boss_relics":[{"not_picked":["Black Star","Runic Pyramid"],"picked":"Ectoplasm"},{"not_picked":["Velvet Choker","Tiny House"],"picked":"Astrolabe"}],"potions_floor_spawned":[1,3,11,14,16,21,24,37,44,47],"seed_played":"-7285543887602437313","ascension_level":0,"is_trial":false}