{"path_per_floor":["M","M","?","?","T","R","?","R","T","R","M","$","M","M","R","B",null,"M","?","$","M","M","R","M","E","T","?","M","R","M","M","R"],"character_chosen":"IRONCLAD","items_purchased":["Shrug It Off","Lee\u0027s Waffle"],"gold_per_floor":[111,127,127,127,127,127,127,127,127,127,144,46,63,80,80,182,182,197,197,4,15,27,27,37,67,67,67,85,85,103,113,113],"floor_reached":33,"campfire_rested":0,"playtime":2515,"current_hp_per_floor":[67,69,74,74,74,74,74,74,74,74,80,80,85,85,85,46,75,51,35,92,91,92,92,71,42,42,42,50,50,67,87,87],"items_purged":["Strike_R"],"gold":113,"play_id":"435ac420-008e-4f11-8ffd-7fbfcd651b21","is_prod":false,"is_daily":false,"is_ascension_mode":true,"campfire_upgraded":7,"path_taken":["M","M","?","?","?","R","?","R","T","R","M","$","M","M","R","BOSS","M","?","$","M","M","R","M","E","T","?","M","R","M","M","R","BOSS"],"build_version":"2018-01-25-PROD3","purchased_purges":1,"victory":false,"master_deck":["Defend_R+1","Defend_R+1","Defend_R","Defend_R+1","Bash+1","Inflame+1","Iron Wave","Shrug It Off+1","Shrug It Off","Cleave+1","Reaper","Shockwave+1","Heavy Blade+1","Ghostly Armor+1","Flex+1","Shrug It Off+1","Heavy Blade+1","Metallicize","True Grit+1","Flame Barrier"],"max_hp_per_floor":[80,80,85,85,85,85,85,85,85,85,85,85,85,85,85,85,85,85,85,92,92,92,92,92,92,92,92,92,92,92,92,92],"relics":["Burning Blood","Frozen Eye","Unceasing Top","Molten Egg","Astrolabe","Enchiridion","Lee\u0027s Waffle","Pantograph","Magic Flower"],"card_choices":[{"not_picked":["Reckless Charge","Ghostly Armor"],"picked":"Inflame"},{"not_picked":["Blood for Blood","Wild Strike"],"picked":"Iron Wave"},{"not_picked":["Pommel Strike","Twin Strike"],"picked":"Shrug It Off"},{"not_picked":["Bludgeon","Armaments"],"picked":"Cleave"},{"not_picked":["Bludgeon","Impervious"],"picked":"Reaper"},{"not_picked":["Havoc","True Grit"],"picked":"Flex"},{"not_picked":["Sword Boomerang","Clothesline"],"picked":"Shrug It Off"},{"not_picked":["Flex","Cleave"],"picked":"Heavy Blade"},{"not_picked":["Headbutt","Twin Strike"],"picked":"Metallicize"},{"not_picked":["Flame Barrier","Clash"],"picked":"True Grit"},{"not_picked":["Bloodletting","Feel No Pain"],"picked":"Flame Barrier"}],"player_experience":672913,"potions_floor_usage":[2,13,14,22,30,33,33],"damage_taken":[{"damage":11,"enemies":"Cultist","floor":1,"turns":4},{"damage":4,"enemies":"Jaw Worm","floor":2,"turns":3},{"damage":0,"enemies":"2 Louse","floor":11,"turns":3},{"damage":0,"enemies":"Gremlin Gang","floor":13,"turns":4},{"damage":0,"enemies":"Exordium Wildlife","floor":14,"turns":5},{"damage":45,"enemies":"The Guardian","floor":16,"turns":14},{"damage":30,"enemies":"Chosen","floor":18,"turns":7},{"damage":7,"enemies":"Spheric Guardian","floor":21,"turns":5},{"damage":0,"enemies":"Centurion and Healer","floor":22,"turns":8},{"damage":34,"enemies":"Snake Plant","floor":24,"turns":6},{"damage":42,"enemies":"Slavers","floor":25,"turns":11},{"damage":12,"enemies":"Slaver and Parasite","floor":28,"turns":7},{"damage":28,"enemies":"3 Cultists","floor":30,"turns":5},{"damage":4,"enemies":"Snecko","floor":31,"turns":6},{"damage":117,"enemies":"Automaton","floor":33,"turns":12}],"event_choices":[{"event_name":"Big Fish","player_choice":"Donut","floor":3,"damage_taken":0},{"event_name":"Living Wall","player_choice":"Forget","floor":4,"damage_taken":0},{"event_name":"Dead Adventurer","player_choice":"Searched \u00271\u0027 times","floor":7,"damage_taken":0},{"event_name":"Cursed Tome","player_choice":"Obtained Book","floor":19,"damage_taken":0},{"event_name":"Drug Dealer","player_choice":"Ignored","floor":27,"damage_taken":0}],"boss_relics":[{"not_picked":["Calling Bell","Pandora\u0027s Box"],"picked":"Astrolabe"}],"potions_floor_spawned":[1,2,11,18,21,25,28,30],"seed_played":"6217427861422139468","killed_by":"Automaton","ascension_level":6,"is_trial":false}