{"path_per_floor":["M","?","$","M","M","R","E","T","T","R","$","M","R","T","R","B",null,"M","M","$","?","M","R","M","R","T","M","R","?","M","M","R","B",null,"M","$","M","$","M","R","M","R","T","E","?","R","M","M","R","B"],"character_chosen":"IRONCLAD","items_purchased":["Shrug It Off","True Grit","War Paint"],"gold_per_floor":[119,119,20,39,52,52,83,106,406,406,282,298,298,298,298,397,397,407,418,149,149,167,167,181,181,181,198,198,198,211,229,229,324,324,344,194,208,33,44,44,56,56,56,82,0,0,12,23,23,23],"floor_reached":51,"campfire_rested":3,"playtime":4489,"current_hp_per_floor":[72,58,58,64,70,70,54,54,54,54,54,60,60,60,60,40,72,72,62,62,62,71,71,72,72,72,72,72,56,58,72,72,75,75,78,78,81,81,84,84,84,84,84,84,84,84,84,84,84,84],"items_purged":["Strike_R","Strike_R","Corruption","Defend_R","Carnage"],"gold":23,"play_id":"1c60e6cb-741b-499e-91b0-f480c5c67fd4","is_prod":false,"is_daily":false,"is_ascension_mode":true,"campfire_upgraded":9,"path_taken":["M","?","$","M","M","R","E","?","T","R","$","?","R","?","R","BOSS","M","M","$","?","M","R","M","R","T","M","R","?","M","M","R","BOSS","M","$","M","?","M","R","M","R","T","E","?","R","?","M","R","BOSS"],"build_version":"2018-01-25-PROD3","purchased_purges":7,"victory":true,"master_deck":["Defend_R+1","Defend_R+1","Defend_R+1","Shrug It Off+1","Shrug It Off+1","Body Slam+1","True Grit+1","Metallicize+1","Barricade+1","Evolve+1","Seeing Red+1","Ghostly Armor+1","Impervious+1","Shrug It Off+1","Shrug It Off+1"],"max_hp_per_floor":[72,72,72,72,72,72,72,72,72,72,72,72,72,72,72,72,72,72,72,72,72,72,72,72,72,72,72,72,72,72,75,75,75,75,78,78,81,81,84,84,84,84,84,84,84,84,84,84,84,84],"relics":["Burning Blood","Ancient Tea Set","Old Coin","Magic Flower","Astrolabe","War Paint","Mummified Hand","Nilry\u0027s Codex","White Beast Statue","Thread and Needle","Blue Candle","Red Mask"],"card_choices":[{"not_picked":["Sever Soul","Anger"],"picked":"Twin Strike"},{"not_picked":["Power Through","Wild Strike"],"picked":"Twin Strike"},{"not_picked":["Hemokinesis","Heavy Blade"],"picked":"Shrug It Off"},{"not_picked":["True Grit","Juggernaut"],"picked":"Body Slam"},{"not_picked":["Seeing Red","Pummel"],"picked":"Metallicize"},{"not_picked":["Berserk","Bludgeon"],"picked":"Barricade"},{"not_picked":["Twin Strike","Havoc"],"picked":"Seeing Red"},{"not_picked":["Clothesline","Wild Strike"],"picked":"Ghostly Armor"},{"not_picked":["Juggernaut","Berserk"],"picked":"Impervious"},{"not_picked":["Pommel Strike","True Grit"],"picked":"Shrug It Off"},{"not_picked":["Whirlwind","Carnage"],"picked":"Shrug It Off"}],"player_experience":655550,"potions_floor_usage":[16,18,19,27,44,50,50,50],"damage_taken":[{"damage":3,"enemies":"Jaw Worm","floor":1,"turns":5},{"damage":0,"enemies":"Small Slimes","floor":4,"turns":4},{"damage":0,"enemies":"Blue Slaver","floor":5,"turns":4},{"damage":22,"enemies":"Lagavulin","floor":7,"turns":8},{"damage":0,"enemies":"Looter","floor":12,"turns":2},{"damage":29,"enemies":"Slime Boss","floor":16,"turns":11},{"damage":0,"enemies":"Chosen","floor":18,"turns":6},{"damage":19,"enemies":"3 Byrds","floor":19,"turns":7},{"damage":0,"enemies":"Centurion and Healer","floor":22,"turns":6},{"damage":6,"enemies":"Slaver and Parasite","floor":24,"turns":5},{"damage":0,"enemies":"Chosen and Byrds","floor":27,"turns":6},{"damage":7,"enemies":"Snake Plant","floor":30,"turns":5},{"damage":0,"enemies":"3 Cultists","floor":31,"turns":6},{"damage":0,"enemies":"Automaton","floor":33,"turns":7},{"damage":0,"enemies":"3 Darklings","floor":35,"turns":6},{"damage":0,"enemies":"3 Shapes","floor":37,"turns":8},{"damage":0,"enemies":"Maw","floor":39,"turns":5},{"damage":0,"enemies":"3 Darklings","floor":41,"turns":5},{"damage":0,"enemies":"Nemesis","floor":44,"turns":7},{"damage":0,"enemies":"Sphere and 2 Shapes","floor":47,"turns":7},{"damage":0,"enemies":"Maw","floor":48,"turns":5},{"damage":0,"enemies":"Awakened One","floor":50,"turns":9}],"event_choices":[{"event_name":"Shining Light","player_choice":"Entered Light","floor":2,"damage_taken":0},{"event_name":"Back to Basics","player_choice":"Elegance","floor":21,"damage_taken":0},{"event_name":"Cursed Tome","player_choice":"Obtained Book","floor":29,"damage_taken":0},{"event_name":"Tomb of Lord Red Mask","player_choice":"Paid","floor":45,"damage_taken":0}],"boss_relics":[{"not_picked":["Orrery","Calling Bell"],"picked":"Astrolabe"},{"not_picked":["Black Star","Runic Cube"],"picked":"White Beast Statue"}],"potions_floor_spawned":[1,7,12,18,22,30,33,35,37,39,41,44,47,48],"seed_played":"8562999113456182211","ascension_level":4,"is_trial":false}