{"path_per_floor":["M","?","M","?","$","R","E","R","T","M","R","?","M","M","R","B",null,"M","?","$","T","?","R","?","R","T","M","?","?","M","$","R","B",null,"M","?","?","M","M","R","M","?","T","$","?","M","M","M","R","B"],"character_chosen":"IRONCLAD","items_purchased":["Shrug It Off","Battle Trance","Singing Bowl","Medical Kit","Happy Flower"],"gold_per_floor":[118,118,135,135,48,48,79,79,130,142,142,142,159,170,170,274,274,292,292,69,96,96,96,96,96,396,413,338,338,353,56,56,151,151,166,166,166,178,195,195,205,205,205,57,57,69,87,102,102,102],"floor_reached":51,"campfire_rested":1,"playtime":2433,"current_hp_per_floor":[88,70,76,69,69,69,59,59,59,65,65,65,71,63,63,55,88,88,72,72,72,72,72,72,72,72,76,76,76,58,58,85,58,92,85,85,73,85,89,89,90,90,90,90,90,98,104,104,104,104],"items_purged":["Bash","Sever Soul"],"gold":102,"score":570,"play_id":"fe6124d3-7f2f-431e-9374-b7c781087f65","is_prod":false,"is_daily":false,"is_ascension_mode":false,"campfire_upgraded":7,"path_taken":["M","?","M","?","$","R","E","R","T","M","R","?","M","?","R","BOSS","M","?","$","?","?","R","?","R","T","M","?","?","M","?","R","BOSS","M","?","?","M","M","R","M","?","T","$","?","M","M","M","R","BOSS"],"build_version":"2018-02-08-PROD1","purchased_purges":2,"victory":true,"master_deck":["Defend_R+1","Defend_R+1","Flame Barrier+1","Disarm+1","Shrug It Off+1","Battle Trance+1","Iron Wave+1","Double Tap+1","Offering+1","Rampage+1","Entrench+1","Barricade+1","Madness","Madness","Body Slam+1"],"max_hp_per_floor":[88,88,88,88,88,88,88,88,88,88,88,88,88,88,88,88,88,88,88,88,88,88,88,88,88,88,90,90,90,92,92,92,92,92,94,94,94,96,98,98,100,100,100,100,100,102,104,104,104,104],"relics":["Black Blood","Meat on the Bone","War Paint","Astrolabe","Enchiridion","Singing Bowl","Juzu Bracelet","Old Coin","Medical Kit","Shovel","Happy Flower","Blue Candle"],"card_choices":[{"not_picked":["Warcry","Clothesline"],"picked":"Flame Barrier"},{"not_picked":["Wild Strike","Infernal Blade"],"picked":"Disarm"},{"not_picked":["Headbutt","Perfected Strike"],"picked":"Iron Wave"},{"not_picked":["Anger","Warcry"],"picked":"Double Tap"},{"not_picked":["Double Tap","Reaper"],"picked":"Offering"},{"not_picked":["Reaper","Impervious"],"picked":"Barricade"},{"not_picked":["Rupture","Shrug It Off"],"picked":"Body Slam"}],"player_experience":1100379,"potions_floor_usage":[7,16,50,50,50],"damage_taken":[{"damage":3,"enemies":"Small Slimes","floor":1,"turns":4},{"damage":0,"enemies":"Cultist","floor":3,"turns":3},{"damage":16,"enemies":"3 Sentries","floor":7,"turns":9},{"damage":0,"enemies":"Jaw Worm","floor":10,"turns":3},{"damage":0,"enemies":"Looter","floor":13,"turns":3},{"damage":14,"enemies":"Large Slime","floor":14,"turns":10},{"damage":14,"enemies":"Hexaghost","floor":16,"turns":13},{"damage":1,"enemies":"Shell Parasite","floor":18,"turns":4},{"damage":4,"enemies":"Spheric Guardian","floor":27,"turns":3},{"damage":26,"enemies":"Snake Plant","floor":30,"turns":4},{"damage":45,"enemies":"Automaton","floor":33,"turns":7},{"damage":19,"enemies":"3 Darklings","floor":35,"turns":9},{"damage":0,"enemies":"3 Shapes","floor":38,"turns":7},{"damage":8,"enemies":"Sphere and 2 Shapes","floor":39,"turns":5},{"damage":11,"enemies":"4 Shapes","floor":41,"turns":7},{"damage":4,"enemies":"Maw","floor":46,"turns":6},{"damage":4,"enemies":"3 Darklings","floor":47,"turns":5},{"damage":4,"enemies":"4 Shapes","floor":48,"turns":10},{"damage":4,"enemies":"Donu and Deca","floor":50,"turns":4}],"event_choices":[{"event_name":"Shining Light","player_choice":"Entered Light","floor":2,"damage_taken":0},{"event_name":"Golden Wing","player_choice":"Card Removal","floor":4,"damage_taken":0},{"event_name":"The Woman in Blue","player_choice":"Bought 0 Potions","floor":12,"damage_taken":0},{"event_name":"Cursed Tome","player_choice":"Obtained Book","floor":19,"damage_taken":0},{"event_name":"Back to Basics","player_choice":"Elegance","floor":22,"damage_taken":0},{"event_name":"The Mausoleum","player_choice":"No","floor":24,"damage_taken":0},{"event_name":"Beggar","player_choice":"Gave Gold","floor":28,"damage_taken":0},{"event_name":"Transmorgrifier","player_choice":"Transform","floor":29,"damage_taken":0},{"event_name":"The Lab","player_choice":"Got Potions","floor":36,"damage_taken":0},{"event_name":"Winding Halls","player_choice":"Embrace Madness","floor":37,"damage_taken":0},{"event_name":"Accursed Blacksmith","player_choice":"Ignore","floor":42,"damage_taken":0}],"boss_relics":[{"not_picked":["Question Card","Eternal Feather"],"picked":"Astrolabe"},{"not_picked":["Orrery","White Beast Statue"],"picked":"Black Blood"}],"potions_floor_spawned":[3,13,14,16,30,35,46,47,48],"seed_played":"-5925215809663740741","ascension_level":0,"is_trial":false}