{"path_per_floor":["M","?","?","M","T","R","$","R","T","R","$","E","$","M","R","B",null,"M","?","?","M","?","E","R","M","T","M","R","?","T","M","R","B",null,"M","M","$","?","M","R","M","R","T","R","?","M","?","$","R","B"],"character_chosen":"IRONCLAD","items_purchased":["Thread and Needle","Battle Trance"],"gold_per_floor":[114,114,214,237,237,237,162,162,188,188,88,119,119,139,139,260,260,278,278,278,299,299,338,338,358,358,374,374,299,371,385,385,505,505,528,552,61,61,75,75,99,99,99,99,99,119,119,119,119,119],"floor_reached":51,"campfire_rested":1,"playtime":1924,"current_hp_per_floor":[80,60,60,66,66,66,66,66,66,66,66,56,56,62,62,46,80,74,74,74,75,75,30,30,36,36,41,41,41,41,47,71,59,80,80,80,80,80,80,80,80,80,80,80,80,80,80,80,80,80],"items_purged":["Strike_R","Strike_R","Defend_R"],"gold":119,"score":636,"play_id":"d9ec1c00-e662-4d55-b051-ec63923dee28","is_prod":false,"is_daily":false,"is_ascension_mode":false,"campfire_upgraded":6,"path_taken":["M","?","?","?","?","R","$","R","T","R","$","E","$","M","R","BOSS","M","?","?","?","?","E","R","M","T","M","R","?","?","M","R","BOSS","M","M","$","?","M","R","M","R","T","R","?","M","?","$","R","BOSS"],"build_version":"2018-02-08-PROD1","purchased_purges":3,"victory":true,"master_deck":["Rampage+1","Double Tap+1","Barricade+1","Shrug It Off+1","Offering","Battle Trance+1"],"max_hp_per_floor":[80,80,80,80,80,80,80,80,80,80,80,80,80,80,80,80,80,80,80,80,80,80,80,80,80,80,80,80,80,80,80,80,80,80,80,80,80,80,80,80,80,80,80,80,80,80,80,80,80,80],"relics":["Burning Blood","Golden Idol","War Paint","Whetstone","Matryoshka","Sozu","Peace Pipe","Pen Nib","Happy Flower","Lantern","Letter Opener","Thread and Needle","Calipers"],"card_choices":[{"not_picked":["Seeing Red","Infernal Blade"],"picked":"Rampage"},{"not_picked":["Bloodletting","Twin Strike"],"picked":"Double Tap"},{"not_picked":["Demon Form","Impervious"],"picked":"Barricade"},{"not_picked":["Sword Boomerang","Armaments"],"picked":"Shrug It Off"},{"not_picked":["Double Tap","Limit Break"],"picked":"Offering"}],"player_experience":1102812,"potions_floor_usage":[],"damage_taken":[{"damage":1,"enemies":"Jaw Worm","floor":1,"turns":7},{"damage":0,"enemies":"2 Louse","floor":4,"turns":3},{"damage":16,"enemies":"3 Sentries","floor":12,"turns":11},{"damage":0,"enemies":"Cultist","floor":14,"turns":3},{"damage":22,"enemies":"The Guardian","floor":16,"turns":6},{"damage":12,"enemies":"Shell Parasite","floor":18,"turns":8},{"damage":5,"enemies":"Chosen","floor":21,"turns":6},{"damage":51,"enemies":"Gremlin Leader","floor":23,"turns":9},{"damage":0,"enemies":"Snecko","floor":25,"turns":3},{"damage":1,"enemies":"3 Cultists","floor":27,"turns":6},{"damage":0,"enemies":"Snake Plant","floor":31,"turns":4},{"damage":18,"enemies":"Collector","floor":33,"turns":8},{"damage":4,"enemies":"3 Shapes","floor":35,"turns":5},{"damage":4,"enemies":"Orb Walker","floor":36,"turns":4},{"damage":4,"enemies":"Maw","floor":39,"turns":3},{"damage":4,"enemies":"3 Darklings","floor":41,"turns":2},{"damage":4,"enemies":"Sphere and 2 Shapes","floor":46,"turns":3},{"damage":5,"enemies":"Awakened One","floor":50,"turns":4}],"event_choices":[{"event_name":"Golden Idol","player_choice":"Take Damage","floor":2,"damage_taken":0},{"event_name":"Golden Shrine","player_choice":"Pray","floor":3,"damage_taken":0},{"event_name":"Vampires","player_choice":"Ignored","floor":19,"damage_taken":0},{"event_name":"The Mausoleum","player_choice":"No","floor":20,"damage_taken":0},{"event_name":"Drug Dealer","player_choice":"Ignored","floor":22,"damage_taken":0},{"event_name":"Beggar","player_choice":"Gave Gold","floor":29,"damage_taken":0},{"event_name":"Mysterious Sphere","player_choice":"Ignore","floor":38,"damage_taken":0},{"event_name":"Transmorgrifier","player_choice":"Transform","floor":45,"damage_taken":0}],"boss_relics":[{"not_picked":["Philosopher\u0027s Stone","Tiny House"],"picked":"Sozu"},{"not_picked":["Mark of Pain","Runic Pyramid","Astrolabe"]}],"potions_floor_spawned":[1,21,23,27,31,33,35,36,39],"seed_played":"-6774272942889859273","ascension_level":0,"is_trial":false}