{"path_per_floor":["M","?","?","?","M","R","M","R","T","M","E","R","M","M","R","B",null,"M","M","M","?","?","R","?"],"character_chosen":"IRONCLAD","items_purchased":[],"gold_per_floor":[112,112,112,112,125,125,141,141,141,156,181,181,195,211,211,316,316,335,354,367,367,367,367,292],"floor_reached":25,"campfire_rested":0,"playtime":952,"current_hp_per_floor":[80,73,73,73,79,79,80,80,80,80,80,80,80,80,80,36,80,62,67,58,58,58,58,58],"items_purged":[],"gold":292,"score":228,"play_id":"921e026a-ba77-40b9-ab5f-ba6e84c08acc","is_prod":false,"is_daily":false,"is_ascension_mode":false,"campfire_upgraded":5,"path_taken":["M","?","?","?","M","R","M","R","T","?","E","R","M","M","R","BOSS","M","M","M","?","?","R","?","M"],"build_version":"2018-02-15-PROD1","purchased_purges":0,"victory":false,"master_deck":["Strike_R","Strike_R","Defend_R+1","Defend_R","Defend_R+1","Defend_R","Bash+1","Body Slam+1","Seeing Red+1","Metallicize","True Grit+1","Double Tap+1","Ghostly Armor","Metallicize+1"],"max_hp_per_floor":[80,80,80,80,80,80,80,80,80,80,80,80,80,80,80,80,80,80,80,80,80,80,80,80],"relics":["Burning Blood","War Paint","Self Forming Clay","Kunai","Pantograph","Sozu"],"card_choices":[{"not_picked":["Pommel Strike","Combust"],"picked":"Body Slam"},{"not_picked":["Twin Strike","Clothesline"],"picked":"Seeing Red"},{"not_picked":["Wild Strike","Flex"],"picked":"Metallicize"},{"not_picked":["Thunderclap","Uppercut"],"picked":"True Grit"},{"not_picked":["Fiend Fire","Bludgeon"],"picked":"Double Tap"},{"not_picked":["Cleave","Pommel Strike"],"picked":"Ghostly Armor"},{"not_picked":["Armaments","Rupture"],"picked":"Metallicize"}],"player_experience":1297852,"potions_floor_usage":[16,16],"damage_taken":[{"damage":2,"enemies":"Jaw Worm","floor":1,"turns":5},{"damage":0,"enemies":"2 Louse","floor":5,"turns":2},{"damage":1,"enemies":"Cultist","floor":7,"turns":3},{"damage":2,"enemies":"2 Fungi Beasts","floor":10,"turns":3},{"damage":0,"enemies":"3 Sentries","floor":11,"turns":14},{"damage":1,"enemies":"Blue Slaver","floor":13,"turns":4},{"damage":0,"enemies":"Large Slime","floor":14,"turns":5},{"damage":50,"enemies":"Hexaghost","floor":16,"turns":10},{"damage":24,"enemies":"Chosen","floor":18,"turns":6},{"damage":1,"enemies":"Shell Parasite","floor":19,"turns":6},{"damage":15,"enemies":"Snake Plant","floor":20,"turns":4},{"damage":58,"enemies":"Chosen and Byrds","floor":25,"turns":11}],"event_choices":[{"event_name":"Scrap Ooze","player_choice":"success","floor":2,"damage_taken":7},{"event_name":"Living Wall","player_choice":"Forget","floor":3,"damage_taken":0},{"event_name":"Bonfire Elementals","player_choice":"BASIC","floor":4,"damage_taken":0},{"event_name":"The Lab","player_choice":"Got Potions","floor":21,"damage_taken":0},{"event_name":"Drug Dealer","player_choice":"Ignored","floor":22,"damage_taken":0},{"event_name":"Beggar","player_choice":"Gave Gold","floor":24,"damage_taken":0}],"boss_relics":[{"not_picked":["Tiny House","White Beast Statue"],"picked":"Sozu"}],"potions_floor_spawned":[5,10,14,19],"seed_played":"-1861058931304868683","killed_by":"Chosen and Byrds","ascension_level":0,"is_trial":false}