{"path_per_floor":["M","$","M","M","?","R","M","R","T","R","M","M","E","M","R","B",null,"M","?","?","?","M","R","M","R","T","M","?","M","E","$","R","B",null,"M","?","M","?","$","R","M","R","T","R","M","M","?","M","R","B"],"character_chosen":"IRONCLAD","items_purchased":["Metallicize","Kunai","Shrug It Off","Body Slam"],"gold_per_floor":[217,142,153,166,166,166,181,181,181,181,192,206,236,253,253,358,358,371,286,286,286,302,302,318,318,388,407,407,417,452,55,55,155,155,171,171,184,237,11,11,23,23,23,23,43,62,0,20,20,20],"floor_reached":51,"campfire_rested":3,"playtime":2155,"current_hp_per_floor":[80,80,80,80,80,80,80,80,80,80,80,80,79,80,80,47,80,80,80,80,65,66,66,66,66,66,65,65,64,59,59,86,62,92,92,80,92,27,27,54,45,72,72,72,81,86,86,92,92,88],"items_purged":["Strike_R","Strike_R","Defend_R"],"gold":20,"score":547,"play_id":"ea2075d9-376c-4fb6-8a83-f9282f6459c7","is_prod":false,"is_daily":false,"is_ascension_mode":false,"campfire_upgraded":8,"path_taken":["M","$","M","M","?","R","M","R","T","R","M","M","E","M","R","BOSS","M","?","?","?","M","R","M","R","T","?","?","M","E","$","R","BOSS","M","?","?","?","$","R","M","R","T","R","M","M","?","M","R","BOSS"],"build_version":"2018-02-22-PROD2","purchased_purges":3,"victory":true,"master_deck":["Defend_R+1","Defend_R","Defend_R+1","Bash+1","Pommel Strike+1","Shrug It Off+1","Brutality+1","Flex+1","Seeing Red+1","Offering","Evolve+1","Rupture+1","Iron Wave+1","Metallicize","Battle Trance","Reaper","Intimidate+1","Dual Wield+1","Disarm+1","Shrug It Off+1","Madness","Madness","Shrug It Off","Body Slam+1","True Grit+1","Iron Wave+1","Shrug It Off+1"],"max_hp_per_floor":[80,80,80,80,80,80,80,80,80,80,80,80,80,80,80,80,80,80,80,80,85,85,85,85,85,85,85,85,85,92,92,92,92,92,92,92,92,92,92,92,92,92,92,92,92,92,92,92,92,92],"relics":["Burning Blood","War Paint","Bottled Flame","Sozu","Dream Catcher","Letter Opener","Strawberry","Kunai","Astrolabe","Charon\u0027s Ashes","Centennial Puzzle","Red Mask"],"card_choices":[{"not_picked":["Fire Breathing","Armaments"],"picked":"Pommel Strike"},{"not_picked":["Perfected Strike","Reckless Charge"],"picked":"Shrug It Off"},{"not_picked":["Warcry","Armaments"],"picked":"Brutality"},{"not_picked":["Second Wind","Twin Strike"],"picked":"Flex"},{"not_picked":["Impervious","Cleave"],"picked":"Seeing Red"},{"not_picked":["Dark Embrace","Berserk"],"picked":"Offering"},{"not_picked":["Anger","Iron Wave"],"picked":"Evolve"},{"not_picked":["Armaments","Intimidate"],"picked":"Rupture"},{"not_picked":["Clash","Thunderclap"],"picked":"Iron Wave"},{"not_picked":["Second Wind","True Grit"],"picked":"Battle Trance"},{"not_picked":["Demon Form","Fiend Fire"],"picked":"Reaper"},{"not_picked":["Sword Boomerang","Thunderclap"],"picked":"Shrug It Off"},{"not_picked":["Carnage","Shrug It Off"],"picked":"True Grit"},{"not_picked":["Twin Strike","Pommel Strike"],"picked":"Iron Wave"},{"not_picked":["Disarm","Warcry"],"picked":"Shrug It Off"}],"player_experience":1321836,"potions_floor_usage":[13,29,38],"damage_taken":[{"damage":1,"enemies":"Cultist","floor":1,"turns":3},{"damage":1,"enemies":"Jaw Worm","floor":3,"turns":3},{"damage":2,"enemies":"Small Slimes","floor":4,"turns":4},{"damage":3,"enemies":"3 Louse","floor":7,"turns":4},{"damage":0,"enemies":"Large Slime","floor":11,"turns":6},{"damage":3,"enemies":"Exordium Wildlife","floor":12,"turns":4},{"damage":7,"enemies":"Gremlin Nob","floor":13,"turns":3},{"damage":2,"enemies":"Red Slaver","floor":14,"turns":4},{"damage":39,"enemies":"Slime Boss","floor":16,"turns":12},{"damage":6,"enemies":"Shell Parasite","floor":18,"turns":4},{"damage":5,"enemies":"Spheric Guardian","floor":22,"turns":2},{"damage":6,"enemies":"Centurion and Healer","floor":24,"turns":5},{"damage":7,"enemies":"Snake Plant","floor":27,"turns":3},{"damage":7,"enemies":"Cultist and Chosen","floor":29,"turns":5},{"damage":18,"enemies":"Gremlin Leader","floor":30,"turns":6},{"damage":30,"enemies":"Collector","floor":33,"turns":9},{"damage":9,"enemies":"3 Shapes","floor":35,"turns":4},{"damage":9,"enemies":"3 Darklings","floor":37,"turns":7},{"damage":87,"enemies":"Mysterious Sphere","floor":38,"turns":9},{"damage":25,"enemies":"Maw","floor":41,"turns":7},{"damage":4,"enemies":"Sphere and 2 Shapes","floor":45,"turns":3},{"damage":16,"enemies":"4 Shapes","floor":46,"turns":2},{"damage":6,"enemies":"3 Darklings","floor":48,"turns":3},{"damage":41,"enemies":"Donu and Deca","floor":50,"turns":8}],"event_choices":[{"event_name":"The Lab","player_choice":"Got Potions","floor":5,"damage_taken":0},{"event_name":"Addict","player_choice":"Obtained Relic","floor":19,"damage_taken":0},{"event_name":"Match and Keep!","player_choice":"0 cards matched","floor":20,"damage_taken":0},{"event_name":"Forgotten Altar","player_choice":"Shed Blood","floor":21,"damage_taken":0},{"event_name":"Vampires","player_choice":"Ignored","floor":28,"damage_taken":0},{"event_name":"Winding Halls","player_choice":"Embrace Madness","floor":36,"damage_taken":0},{"event_name":"Mysterious Sphere","player_choice":"Fight","floor":38,"damage_taken":0},{"event_name":"Tomb of Lord Red Mask","player_choice":"Paid","floor":47,"damage_taken":0}],"boss_relics":[{"not_picked":["Snecko Eye","Velvet Choker"],"picked":"Sozu"},{"not_picked":["Orrery","Runic Pyramid"],"picked":"Astrolabe"}],"potions_floor_spawned":[1,4,7,11,24,29,33,35,38,48],"seed_played":"-8498819841194343330","ascension_level":0,"is_trial":false}