{"path_per_floor":["M","?","M","?","M","R","M","R","T","?","E","M","E","M","R","B",null,"M","M","?","M","M","E","$","M","T","$","R","?","R","$","R","B",null,"M","?","?","$","M","E","?","R","T","R","?","R","M","M","R","B"],"character_chosen":"IRONCLAD","items_purchased":["Shrug It Off","Blind","True Grit"],"gold_per_floor":[118,193,208,308,325,325,338,338,338,338,365,384,413,426,426,525,525,542,559,474,490,508,538,463,481,481,252,252,252,252,127,127,230,230,247,247,247,47,64,97,97,97,97,97,97,97,112,132,132,132],"floor_reached":51,"campfire_rested":1,"playtime":1494,"current_hp_per_floor":[79,68,70,70,75,75,81,81,81,81,78,84,84,88,88,76,88,88,88,88,88,88,88,88,88,88,88,88,72,72,72,72,61,88,86,86,86,86,88,86,75,75,75,75,75,75,77,79,88,86],"items_purged":["Strike_R","Strike_R","Strike_R","Strike_R"],"gold":132,"score":555,"play_id":"d9aebb1a-e04e-48eb-b290-ad17bed9be09","is_prod":false,"is_daily":false,"is_ascension_mode":false,"campfire_upgraded":6,"path_taken":["M","?","M","?","M","R","M","R","T","?","E","?","E","M","R","BOSS","M","M","?","M","M","E","$","M","T","$","R","?","R","$","R","BOSS","M","?","?","$","M","E","?","R","T","R","?","R","M","M","R","BOSS"],"build_version":"2018-02-22-PROD2","purchased_purges":4,"victory":true,"master_deck":["Defend_R+1","Defend_R+1","Defend_R+1","Defend_R+1","Bash+1","Whirlwind+1","Twin Strike","Disarm+1","Ghostly Armor+1","Twin Strike","Spot Weakness+1","Offering+1","True Grit+1","Shrug It Off+1","Blind+1","Necronomicurse","Offering+1","True Grit+1","Impervious+1","Madness+1","Madness+1","Clumsy","Bloodletting+1"],"max_hp_per_floor":[88,88,88,88,88,88,88,88,88,88,88,88,88,88,88,88,88,88,88,88,88,88,88,88,88,88,88,88,88,88,88,88,88,88,88,88,88,88,88,88,88,88,88,88,88,88,88,88,88,88],"relics":["Burning Blood","Thread and Needle","Toxic Egg 2","Gambling Chip","Sozu","Happy Flower","Ancient Tea Set","Girya","Necronomicon","Cursed Key","Unceasing Top","Juzu Bracelet"],"card_choices":[{"not_picked":["Entrench","Metallicize"],"picked":"Whirlwind"},{"not_picked":["Heavy Blade","Clash"],"picked":"Twin Strike"},{"not_picked":["Combust","Reckless Charge"],"picked":"Disarm"},{"not_picked":["True Grit","Wild Strike"],"picked":"Ghostly Armor"},{"not_picked":["Perfected Strike","Clothesline"],"picked":"Twin Strike"},{"not_picked":["Demon Form","Twin Strike"],"picked":"Spot Weakness"},{"not_picked":["Double Tap","Juggernaut"],"picked":"Offering"},{"not_picked":["Bloodletting","Dual Wield"],"picked":"True Grit"},{"not_picked":["Exhume","Double Tap"],"picked":"Offering"},{"not_picked":["Sword Boomerang","Entrench"],"picked":"Impervious"},{"not_picked":["Headbutt","Warcry"],"picked":"Bloodletting"}],"player_experience":1411024,"potions_floor_usage":[11,13,21,50],"damage_taken":[{"damage":15,"enemies":"Jaw Worm","floor":1,"turns":5},{"damage":4,"enemies":"2 Louse","floor":3,"turns":4},{"damage":1,"enemies":"Cultist","floor":5,"turns":3},{"damage":0,"enemies":"3 Louse","floor":7,"turns":2},{"damage":9,"enemies":"Gremlin Nob","floor":11,"turns":3},{"damage":0,"enemies":"Lots of Slimes","floor":12,"turns":1},{"damage":6,"enemies":"Lagavulin","floor":13,"turns":7},{"damage":0,"enemies":"Looter","floor":14,"turns":3},{"damage":18,"enemies":"Hexaghost","floor":16,"turns":12},{"damage":0,"enemies":"3 Byrds","floor":18,"turns":3},{"damage":0,"enemies":"Spheric Guardian","floor":19,"turns":3},{"damage":4,"enemies":"Slaver and Parasite","floor":21,"turns":4},{"damage":4,"enemies":"Chosen and Byrds","floor":22,"turns":4},{"damage":6,"enemies":"Slavers","floor":23,"turns":3},{"damage":4,"enemies":"Snecko","floor":25,"turns":5},{"damage":17,"enemies":"Automaton","floor":33,"turns":5},{"damage":8,"enemies":"3 Shapes","floor":35,"turns":1},{"damage":0,"enemies":"3 Darklings","floor":39,"turns":1},{"damage":8,"enemies":"Giant Head","floor":40,"turns":4},{"damage":4,"enemies":"Sphere and 2 Shapes","floor":47,"turns":1},{"damage":4,"enemies":"Maw","floor":48,"turns":5},{"damage":8,"enemies":"Donu and Deca","floor":50,"turns":4}],"event_choices":[{"event_name":"World of Goop","player_choice":"Gather Gold","floor":2,"damage_taken":0},{"event_name":"Golden Shrine","player_choice":"Pray","floor":4,"damage_taken":0},{"event_name":"Upgrade Shrine","player_choice":"Upgraded","floor":10,"damage_taken":0},{"event_name":"Addict","player_choice":"Obtained Relic","floor":20,"damage_taken":0},{"event_name":"Cursed Tome","player_choice":"Obtained Book","floor":29,"damage_taken":0},{"event_name":"Tomb of Lord Red Mask","player_choice":"Ignored","floor":36,"damage_taken":0},{"event_name":"Wheel of Change","player_choice":"Card Removal","floor":37,"damage_taken":0},{"event_name":"Winding Halls","player_choice":"Embrace Madness","floor":41,"damage_taken":0},{"event_name":"The Lab","player_choice":"Got Potions","floor":45,"damage_taken":0}],"boss_relics":[{"not_picked":["Runic Cube","Ectoplasm"],"picked":"Sozu"},{"not_picked":["Black Blood","Question Card"],"picked":"Cursed Key"}],"potions_floor_spawned":[1,3,5,12,21,23,25,33,39,40],"seed_played":"-92970339362038201","ascension_level":0,"is_trial":false}