{"path_per_floor":["M","M","$","M","?","R","E","R","T","?","E","M","$","?","R","B",null,"M","$","M","M","M","R","E","M","T","R","?","R","M","E","R","B",null,"M","M","?","M","M","R","M","?","T","?","?","M","?","M","R","B"],"character_chosen":"IRONCLAD","items_purchased":["Shrug It Off","Blind"],"gold_per_floor":[118,129,54,64,64,64,91,91,165,165,199,217,117,117,117,213,213,213,68,68,68,68,68,68,68,68,68,68,68,68,68,68,68,68,68,68,68,68,68,68,68,0,0,0,0,0,0,0,0,0],"floor_reached":51,"campfire_rested":0,"playtime":2129,"current_hp_per_floor":[80,80,80,80,64,64,65,65,65,70,68,74,74,74,74,61,85,85,85,85,84,85,85,85,85,85,85,85,85,85,85,85,76,85,85,85,74,80,80,80,82,82,82,82,85,85,85,85,85,85],"items_purged":["Strike_R","Strike_R"],"gold":0,"score":724,"play_id":"9a5916ed-5900-4177-846b-f226c57e97e4","local_time":"20180315081303","is_prod":false,"is_daily":false,"is_ascension_mode":false,"campfire_upgraded":9,"timestamp":1521097983,"path_taken":["M","M","$","M","?","R","E","R","T","?","E","M","$","?","R","BOSS","M","$","M","M","M","R","E","M","T","R","?","R","M","E","R","BOSS","M","M","?","M","M","R","M","?","T","?","?","M","?","M","R","BOSS"],"build_version":"2018-03-09","purchased_purges":3,"victory":true,"master_deck":["Strike_R","Defend_R","Defend_R+1","Defend_R","Defend_R","Bash","True Grit+1","Rampage+1","True Grit+1","Headbutt+1","Body Slam+1","Impervious","Shrug It Off+1","Blind+1","Shrug It Off+1","Madness","Madness","Metallicize+1","Battle Trance+1","Burning Pact"],"max_hp_per_floor":[80,80,80,80,80,80,80,80,80,85,85,85,85,85,85,85,85,85,85,85,85,85,85,85,85,85,85,85,85,85,85,85,85,85,85,85,85,85,85,85,85,85,85,85,85,85,85,85,85,85],"relics":["Burning Blood","Juzu Bracelet","Bronze Scales","Bottled Flame","Art of War","Ectoplasm","Happy Flower","Ancient Tea Set","Bag of Preparation","Sozu","Red Mask","Bag of Marbles","Magic Flower"],"card_choices":[{"not_picked":["Headbutt","Sever Soul"],"picked":"True Grit"},{"not_picked":["Seeing Red","Second Wind"],"picked":"Rampage"},{"not_picked":["Rage","Whirlwind"],"picked":"True Grit"},{"not_picked":["Body Slam","Pommel Strike"],"picked":"Headbutt"},{"not_picked":["Anger","Exhume"],"picked":"Body Slam"},{"not_picked":["Dark Embrace","Demon Form"],"picked":"Impervious"},{"not_picked":["Anger","Body Slam"],"picked":"Shrug It Off"},{"not_picked":["Cleave","Headbutt"],"picked":"Metallicize"},{"not_picked":["Searing Blow","Wild Strike"],"picked":"Battle Trance"},{"not_picked":["Twin Strike","Headbutt"],"picked":"Burning Pact"}],"player_experience":1539945,"potions_floor_usage":[20,24,25,30,50,50,50],"damage_taken":[{"damage":3,"enemies":"2 Louse","floor":1,"turns":3},{"damage":4,"enemies":"Jaw Worm","floor":2,"turns":3},{"damage":0,"enemies":"Small Slimes","floor":4,"turns":3},{"damage":5,"enemies":"3 Sentries","floor":7,"turns":11},{"damage":8,"enemies":"Gremlin Nob","floor":11,"turns":4},{"damage":0,"enemies":"Exordium Thugs","floor":12,"turns":4},{"damage":19,"enemies":"The Guardian","floor":16,"turns":8},{"damage":5,"enemies":"3 Byrds","floor":18,"turns":3},{"damage":0,"enemies":"Chosen","floor":20,"turns":5},{"damage":7,"enemies":"Slaver and Parasite","floor":21,"turns":7},{"damage":0,"enemies":"Cultist and Chosen","floor":22,"turns":9},{"damage":0,"enemies":"Slavers","floor":24,"turns":5},{"damage":2,"enemies":"Snake Plant","floor":25,"turns":3},{"damage":0,"enemies":"3 Cultists","floor":30,"turns":6},{"damage":5,"enemies":"Book of Stabbing","floor":31,"turns":6},{"damage":15,"enemies":"Automaton","floor":33,"turns":11},{"damage":0,"enemies":"3 Shapes","floor":35,"turns":5},{"damage":0,"enemies":"3 Darklings","floor":36,"turns":5},{"damage":0,"enemies":"4 Shapes","floor":38,"turns":7},{"damage":6,"enemies":"Maw","floor":39,"turns":7},{"damage":4,"enemies":"Sphere and 2 Shapes","floor":41,"turns":9},{"damage":0,"enemies":"Mysterious Sphere","floor":45,"turns":6},{"damage":0,"enemies":"3 Darklings","floor":46,"turns":5},{"damage":2,"enemies":"4 Shapes","floor":48,"turns":6},{"damage":20,"enemies":"Donu and Deca","floor":50,"turns":9}],"event_choices":[{"event_name":"Shining Light","player_choice":"Entered Light","floor":5,"damage_taken":0},{"event_name":"Big Fish","player_choice":"Donut","floor":10,"damage_taken":0},{"event_name":"Purifier","player_choice":"One Purge","floor":14,"damage_taken":0},{"event_name":"Addict","player_choice":"Ignored","floor":28,"damage_taken":0},{"event_name":"Winding Halls","player_choice":"Embrace Madness","floor":37,"damage_taken":0},{"event_name":"Tomb of Lord Red Mask","player_choice":"Paid","floor":42,"damage_taken":0},{"event_name":"Mysterious Sphere","player_choice":"Fight","floor":45,"damage_taken":0},{"event_name":"The Lab","player_choice":"Got Potions","floor":47,"damage_taken":0}],"boss_relics":[{"not_picked":["Question Card","Lizard Tail"],"picked":"Ectoplasm"},{"not_picked":["Runic Dome","Orrery"],"picked":"Sozu"}],"potions_floor_spawned":[2,7,11,12,16,20,22,25,30,31,36,41,46],"seed_played":"8530926636051706598","ascension_level":0,"is_trial":false}