{"path_per_floor":["M","M","?","?","?","R","M","E","T","E","R","M","M","$","R","B",null,"M","?","?","T","M","R","T","R","T","E","R","$","E","$","R","B",null,"M","?","M","T","?","M","?","R","T","$","R","M","R","M","R","B"],"character_chosen":"IRONCLAD","items_purchased":["Lantern","Seeing Red","Anchor","Finesse"],"gold_per_floor":[16,30,30,30,30,30,55,99,123,189,189,204,218,65,65,188,188,202,202,202,255,275,275,275,275,301,333,333,103,134,59,59,164,164,181,181,201,201,201,215,215,215,215,10,10,27,27,43,43,43],"floor_reached":51,"campfire_rested":0,"playtime":1692,"current_hp_per_floor":[80,80,60,60,60,60,65,51,51,51,51,56,57,57,57,28,80,80,64,64,69,80,80,94,94,94,94,94,94,82,82,82,38,94,94,94,90,90,78,88,88,88,88,88,88,94,94,94,94,64],"items_purged":["Strike_R","Strike_R"],"gold":43,"score":714,"play_id":"158cf2f5-d87f-479f-9312-0e874486655b","local_time":"20180329094539","is_prod":false,"is_daily":false,"is_ascension_mode":false,"campfire_upgraded":11,"timestamp":1522309539,"path_taken":["M","M","?","?","?","R","M","E","T","E","R","?","M","$","R","BOSS","M","?","?","?","M","R","?","R","T","E","R","$","E","$","R","BOSS","M","?","?","?","?","M","?","R","T","$","R","?","R","M","R","BOSS"],"build_version":"2018-03-22v2","purchased_purges":2,"victory":true,"master_deck":["Defend_R","Defend_R","Defend_R","Defend_R","Bash+1","Headbutt","Clothesline+1","Shrug It Off+1","Whirlwind+1","Shrug It Off+1","Double Tap+1","Rampage+1","Disarm","True Grit+1","Seeing Red","Offering+1","Writhe","True Grit+1","Madness+1","Madness+1","Finesse+1","True Grit+1"],"max_hp_per_floor":[80,80,80,80,80,80,80,80,80,80,80,80,80,80,80,80,80,80,80,80,80,80,80,94,94,94,94,94,94,94,94,94,94,94,94,94,94,94,94,94,94,94,94,94,94,94,94,94,94,94],"relics":["Burning Blood","Bloody Idol","Unceasing Top","Orichalcum","Tiny Chest","Lantern","Philosopher\u0027s Stone","Nilry\u0027s Codex","Bag of Preparation","Mango","Prayer Wheel","Omamori","Anchor","Frozen Egg 2","Calling Bell","Ornamental Fan","War Paint","Toolbox","Torii","Bird Faced Urn"],"card_choices":[{"not_picked":["Clash","Armaments"],"picked":"Headbutt","floor":2},{"not_picked":["Feel No Pain","Headbutt"],"picked":"Clothesline","floor":7},{"not_picked":["Carnage","Havoc"],"picked":"Shrug It Off","floor":8},{"not_picked":["Hemokinesis","Twin Strike"],"picked":"Whirlwind","floor":10},{"not_picked":["Cleave","Flex"],"picked":"Shrug It Off","floor":12},{"not_picked":["Berserk","Bludgeon"],"picked":"Double Tap","floor":16},{"not_picked":["Pommel Strike","Corruption"],"picked":"Rampage","floor":18},{"not_picked":["Dual Wield","Twin Strike"],"picked":"Disarm","floor":22},{"not_picked":["Dual Wield","Twin Strike"],"picked":"True Grit","floor":27},{"not_picked":["Feed","Bludgeon"],"picked":"Offering","floor":33},{"not_picked":["Twin Strike","Warcry"],"picked":"True Grit","floor":38},{"not_picked":["Shockwave","Iron Wave"],"picked":"True Grit","floor":48}],"player_experience":1626483,"potions_floor_usage":[10,13,27,50,50],"damage_taken":[{"damage":0,"enemies":"2 Louse","floor":1,"turns":4},{"damage":6,"enemies":"Cultist","floor":2,"turns":3},{"damage":1,"enemies":"Jaw Worm","floor":7,"turns":3},{"damage":20,"enemies":"Gremlin Nob","floor":8,"turns":4},{"damage":21,"enemies":"Lagavulin","floor":10,"turns":6},{"damage":1,"enemies":"Looter","floor":12,"turns":3},{"damage":5,"enemies":"Exordium Wildlife","floor":13,"turns":4},{"damage":35,"enemies":"Hexaghost","floor":16,"turns":11},{"damage":3,"enemies":"Chosen","floor":18,"turns":3},{"damage":0,"enemies":"3 Byrds","floor":22,"turns":2},{"damage":3,"enemies":"Slavers","floor":27,"turns":2},{"damage":23,"enemies":"Book of Stabbing","floor":30,"turns":4},{"damage":55,"enemies":"Champ","floor":33,"turns":10},{"damage":4,"enemies":"Orb Walker","floor":35,"turns":2},{"damage":15,"enemies":"3 Darklings","floor":37,"turns":4},{"damage":1,"enemies":"4 Shapes","floor":40,"turns":2},{"damage":0,"enemies":"Sphere and 2 Shapes","floor":46,"turns":1},{"damage":4,"enemies":"Maw","floor":48,"turns":7},{"damage":36,"enemies":"Awakened One","floor":50,"turns":9}],"event_choices":[{"event_name":"Golden Idol","player_choice":"Take Damage","floor":3,"damage_taken":0},{"event_name":"The Lab","player_choice":"Got Potions","floor":4,"damage_taken":0},{"event_name":"The Cleric","player_choice":"Leave","floor":5,"damage_taken":0},{"event_name":"Cursed Tome","player_choice":"Obtained Book","floor":19,"damage_taken":0},{"event_name":"Forgotten Altar","player_choice":"Gave Idol","floor":20,"damage_taken":0},{"event_name":"Winding Halls","player_choice":"Embrace Madness","floor":39,"damage_taken":0},{"event_name":"Mysterious Sphere","player_choice":"Ignore","floor":41,"damage_taken":0}],"boss_relics":[{"not_picked":["Runic Dome","Lizard Tail"],"picked":"Philosopher\u0027s Stone"},{"not_picked":["Eternal Feather","Black Star"],"picked":"Calling Bell"}],"potions_floor_spawned":[1,8,12,30,35,40,46],"seed_played":"8390383895318157421","ascension_level":0,"is_trial":false}