{"path_per_floor":["M","M","?","M","M","R","M","E","T","M","R","$","R","?","R","B",null,"M","?","M","T","M","E","R","E","T","?","T","E","?","$","R","B",null,"M","M","?","?","?","R","E","M","T","R","M","?","$","?","R","B"],"character_chosen":"IRONCLAD","items_purchased":["Anchor","Strawberry"],"gold_per_floor":[109,128,203,221,231,231,246,273,299,310,310,235,235,235,235,332,332,342,257,269,269,286,314,314,347,370,370,393,421,421,22,22,119,119,138,154,154,154,154,154,181,197,197,197,209,209,84,84,84,84],"floor_reached":51,"campfire_rested":1,"playtime":2048,"current_hp_per_floor":[80,79,68,73,79,79,69,64,64,49,49,49,49,49,49,36,80,80,80,80,80,72,39,78,68,68,53,53,68,68,75,75,83,92,92,92,92,92,80,80,87,92,92,92,92,92,92,92,92,92],"items_purged":["Strike_R","Strike_R","Strike_R"],"gold":84,"score":906,"play_id":"cd2e6589-4c15-410d-a2b9-1bd131158f57","local_time":"20180326001117","is_prod":false,"is_daily":false,"is_ascension_mode":false,"campfire_upgraded":8,"timestamp":1522015877,"path_taken":["M","M","?","M","M","R","M","E","T","M","R","$","R","?","R","BOSS","M","?","M","?","M","E","R","E","T","?","?","E","?","$","R","BOSS","M","M","?","?","?","R","E","M","T","R","M","?","$","?","R","BOSS"],"build_version":"2018-03-22v2","purchased_purges":3,"victory":true,"master_deck":["Defend_R+1","Defend_R+1","Defend_R","Defend_R+1","Bash+1","Body Slam+1","Shrug It Off+1","Iron Wave+1","Flame Barrier+1","Body Slam+1","Evolve+1","Madness","Entrench+1"],"max_hp_per_floor":[80,80,80,80,80,80,80,80,80,80,80,80,80,80,80,80,80,80,80,80,80,80,80,80,80,80,85,85,85,85,92,92,92,92,92,92,92,92,92,92,92,92,92,92,92,92,92,92,92,92],"relics":["Burning Blood","Pen Nib","Whetstone","Juzu Bracelet","Mark of Pain","Lantern","Oddly Smooth Stone","Regal Pillow","War Paint","Blood Vial","Art of War","Calipers","Anchor","Strawberry","Cursed Key","Omamori","Unceasing Top"],"card_choices":[{"not_picked":["Power Through","Twin Strike"],"picked":"Body Slam","floor":2.0},{"not_picked":["Seeing Red","Warcry"],"picked":"Shrug It Off","floor":4.0},{"not_picked":["Sword Boomerang","Twin Strike"],"picked":"Iron Wave","floor":8},{"not_picked":["Feel No Pain","Flex"],"picked":"Flame Barrier","floor":10},{"not_picked":["Thunderclap","Anger"],"picked":"Body Slam","floor":18},{"not_picked":["Rupture","Power Through"],"picked":"Impervious","floor":25},{"not_picked":["Flex","Carnage"],"picked":"Evolve","floor":29},{"not_picked":["Headbutt","Iron Wave"],"picked":"Entrench","floor":41}],"player_experience":1599222,"potions_floor_usage":[16,25,29,29,41],"damage_taken":[{"damage":0.0,"enemies":"2 Louse","floor":1.0,"turns":5.0},{"damage":7.0,"enemies":"Small Slimes","floor":2.0,"turns":4.0},{"damage":1.0,"enemies":"Cultist","floor":4.0,"turns":4.0},{"damage":0.0,"enemies":"Gremlin Gang","floor":5.0,"turns":5.0},{"damage":16.0,"enemies":"Large Slime","floor":7.0,"turns":7.0},{"damage":11,"enemies":"3 Sentries","floor":8,"turns":9},{"damage":21,"enemies":"Exordium Wildlife","floor":10,"turns":4},{"damage":34,"enemies":"Slime Boss","floor":16,"turns":17},{"damage":0,"enemies":"Spheric Guardian","floor":18,"turns":1},{"damage":5,"enemies":"Chosen","floor":20,"turns":4},{"damage":14,"enemies":"Centurion and Healer","floor":22,"turns":6},{"damage":39,"enemies":"Book of Stabbing","floor":23,"turns":5},{"damage":16,"enemies":"Gremlin Leader","floor":25,"turns":7},{"damage":8,"enemies":"Slavers","floor":29,"turns":6},{"damage":0,"enemies":"Automaton","floor":33,"turns":9},{"damage":0,"enemies":"3 Darklings","floor":35,"turns":5},{"damage":0,"enemies":"3 Shapes","floor":36,"turns":4},{"damage":1,"enemies":"2 Orb Walkers","floor":41,"turns":4},{"damage":0,"enemies":"Sphere and 2 Shapes","floor":42,"turns":5},{"damage":0,"enemies":"Maw","floor":45,"turns":5},{"damage":0,"enemies":"Donu and Deca","floor":50,"turns":7}],"event_choices":[{"event_name":"World of Goop","player_choice":"Gather Gold","floor":3.0,"damage_taken":0.0},{"event_name":"Liars Game","player_choice":"disagreed","floor":14,"damage_taken":0},{"event_name":"Addict","player_choice":"Obtained Relic","floor":19,"damage_taken":0},{"event_name":"Forgotten Altar","player_choice":"Shed Blood","floor":27,"damage_taken":0},{"event_name":"Back to Basics","player_choice":"Elegance","floor":30,"damage_taken":0},{"event_name":"Tomb of Lord Red Mask","player_choice":"Ignored","floor":38,"damage_taken":0},{"event_name":"Winding Halls","player_choice":"Embrace Madness","floor":39,"damage_taken":0},{"event_name":"Bonfire Elementals","player_choice":"UNCOMMON","floor":46,"damage_taken":0},{"event_name":"Purifier","player_choice":"One Purge","floor":48,"damage_taken":0}],"boss_relics":[{"not_picked":["Black Star","Philosopher\u0027s Stone"],"picked":"Mark of Pain"},{"not_picked":["Velvet Choker","Astrolabe"],"picked":"Cursed Key"}],"potions_floor_spawned":[1,2,4,10,16,22,25,36],"seed_played":"-5603844013617642728","ascension_level":0,"is_trial":false}