{"path_per_floor":["M","M","M","$","M","R","?","?","T","R","M","R","M","E","R","B",null,"M","?","$","M","?","E","R","M","T","R","?","E","R","T","R","B",null,"M","?","$","M","T","R","E","$","T","M","R","M","R","M","R","B"],"character_chosen":"IRONCLAD","items_purchased":["Body Slam","True Grit","Shrug It Off","Blind","Shrug It Off","Regen Potion"],"gold_per_floor":[140,159,177,24,43,43,43,43,43,43,59,59,72,105,105,208,238,255,255,11,22,22,53,53,71,125,125,125,150,150,176,176,272,272,282,282,109,122,196,196,225,23,23,34,34,49,49,69,69,69],"floor_reached":51,"campfire_rested":0,"playtime":2175,"current_hp_per_floor":[80,80,80,80,80,80,47,40,40,40,40,40,46,38,38,26,85,82,82,82,83,83,85,85,81,81,81,65,50,50,50,50,16,85,85,74,74,85,85,85,51,51,51,73,73,81,81,78,78,74],"items_purged":["Strike_R","Strike_R","Strike_R","Pain"],"gold":69,"score":713,"play_id":"2a085447-91d7-445a-ade2-834cbfa25bfb","local_time":"20180401074111","is_prod":false,"is_daily":false,"is_ascension_mode":false,"campfire_upgraded":12,"timestamp":1522561271,"path_taken":["M","M","M","$","M","R","?","?","T","R","M","R","?","E","R","BOSS","M","?","$","M","?","E","R","M","T","R","?","E","R","?","R","BOSS","M","?","$","M","?","R","E","$","T","M","R","M","R","M","R","BOSS"],"build_version":"2018-03-29v2","purchased_purges":5,"victory":true,"master_deck":["Strike_R+1","Defend_R","Defend_R","Defend_R","Defend_R","Bash","Iron Wave","Flame Barrier+1","Body Slam+1","True Grit+1","Disarm+1","Body Slam+1","Juggernaut+1","Uppercut+1","Disarm","Evolve","Shrug It Off+1","Blind+1","Shrug It Off+1","Metallicize+1","Necronomicurse","Metallicize","Brutality","Madness","Madness","Shrug It Off+1","Ghostly Armor+1","Regret"],"max_hp_per_floor":[80,80,80,80,80,80,80,80,80,80,80,80,80,80,80,80,85,85,85,85,85,85,85,85,85,85,85,85,85,85,85,85,85,85,85,85,85,85,85,85,85,85,85,85,85,85,85,85,85,85],"relics":["Burning Blood","Tiny Chest","Oddly Smooth Stone","Bag of Marbles","Bird Faced Urn","Tiny House","Lantern","Vajra","Necronomicon","Dream Catcher","Regal Pillow","Cursed Key","Ornamental Fan","Frozen Egg 2","Sundial"],"card_choices":[{"not_picked":["Second Wind","Corruption"],"picked":"Iron Wave","floor":1},{"not_picked":["Headbutt","Thunderclap"],"picked":"Flame Barrier","floor":2},{"not_picked":["Heavy Blade","Infernal Blade"],"picked":"Disarm","floor":5},{"not_picked":["Iron Wave","True Grit"],"picked":"Body Slam","floor":11},{"not_picked":["Feed","Fiend Fire"],"picked":"Juggernaut","floor":16},{"not_picked":["Thunderclap","Sever Soul"],"picked":"Uppercut","floor":17},{"not_picked":["True Grit","Heavy Blade"],"picked":"Disarm","floor":18},{"not_picked":["Headbutt","Thunderclap"],"picked":"Shrug It Off","floor":21},{"not_picked":["Sentinel","Thunderclap"],"picked":"Metallicize","floor":25},{"not_picked":["Spot Weakness","Bludgeon"],"picked":"Metallicize","floor":29},{"not_picked":["Bludgeon","Berserk"],"picked":"Brutality","floor":33},{"not_picked":["Twin Strike","Body Slam"],"picked":"Ghostly Armor","floor":38}],"player_experience":1636641,"potions_floor_usage":[14,14,18,25,33,33,41,44,50,50],"damage_taken":[{"damage":0,"enemies":"2 Louse","floor":1,"turns":4},{"damage":5,"enemies":"Small Slimes","floor":2,"turns":4},{"damage":0,"enemies":"Cultist","floor":3,"turns":4},{"damage":0,"enemies":"Exordium Wildlife","floor":5,"turns":5},{"damage":6,"enemies":"Large Slime","floor":11,"turns":8},{"damage":0,"enemies":"2 Fungi Beasts","floor":13,"turns":4},{"damage":14,"enemies":"Gremlin Nob","floor":14,"turns":4},{"damage":18,"enemies":"The Guardian","floor":16,"turns":13},{"damage":9,"enemies":"Spheric Guardian","floor":18,"turns":5},{"damage":9,"enemies":"Shell Parasite","floor":21,"turns":12},{"damage":4,"enemies":"Book of Stabbing","floor":23,"turns":8},{"damage":10,"enemies":"Sentry and Sphere","floor":25,"turns":8},{"damage":25,"enemies":"Gremlin Leader","floor":29,"turns":11},{"damage":48,"enemies":"Collector","floor":33,"turns":14},{"damage":3,"enemies":"Orb Walker","floor":35,"turns":4},{"damage":3,"enemies":"3 Shapes","floor":38,"turns":5},{"damage":61,"enemies":"2 Orb Walkers","floor":41,"turns":7},{"damage":9,"enemies":"Maw","floor":44,"turns":6},{"damage":0,"enemies":"4 Shapes","floor":46,"turns":3},{"damage":17,"enemies":"3 Darklings","floor":48,"turns":7},{"damage":30,"enemies":"Time Eater","floor":50,"turns":14}],"event_choices":[{"event_name":"Scrap Ooze","player_choice":"success","floor":7,"damage_taken":33},{"event_name":"Golden Wing","player_choice":"Card Removal","floor":8,"damage_taken":0},{"event_name":"The Library","player_choice":"Read","floor":19,"damage_taken":0},{"event_name":"Ghosts","player_choice":"Ignored","floor":22,"damage_taken":0},{"event_name":"Cursed Tome","player_choice":"Obtained Book","floor":28,"damage_taken":0},{"event_name":"Winding Halls","player_choice":"Embrace Madness","floor":36,"damage_taken":0}],"boss_relics":[{"not_picked":["Snecko Eye","Calling Bell"],"picked":"Tiny House"},{"not_picked":["Runic Pyramid","Eternal Feather"],"picked":"Cursed Key"}],"potions_floor_spawned":[1,3,13,23,29,33,35,48],"seed_played":"-952922638900607399","ascension_level":0,"is_trial":false}