{"path_per_floor":["M","?","$","M","M","R","?","E","T","M","R","M","R","M","R","B",null,"M","$","M","M","?","R","?","R","T","E","?","R","E","M","R","B",null,"M","?","M","$","?","R","M","M","T","R","M","M","$","?","R","B"],"character_chosen":"IRONCLAD","items_purchased":["Bronze Scales","Blood Vial"],"gold_per_floor":[112,112,37,57,71,71,133,166,236,249,249,263,263,275,275,371,371,391,1,20,30,30,30,30,30,30,57,57,57,82,93,93,190,190,201,201,211,86,86,86,99,109,109,109,122,135,135,235,235,235],"floor_reached":51,"campfire_rested":1,"playtime":2356,"current_hp_per_floor":[80,85,85,85,85,85,63,46,56,60,60,66,66,53,53,11,95,91,91,80,88,72,72,72,72,72,80,80,80,61,59,59,67,95,87,87,95,95,95,95,95,81,81,81,84,72,72,72,95,88],"items_purged":["Strike_R","Strike_R","Strike_R"],"gold":235,"score":812,"play_id":"4ca1f20d-ea50-4a80-a2c8-fb7c2b3d8ad9","local_time":"20180409011229","is_prod":false,"is_daily":false,"is_ascension_mode":false,"campfire_upgraded":10,"timestamp":1523229149,"path_taken":["M","?","$","M","?","R","?","E","T","M","R","?","R","M","R","BOSS","M","$","M","M","?","R","?","R","T","E","?","R","E","M","R","BOSS","M","?","?","$","?","R","?","M","T","R","M","M","?","?","R","BOSS"],"build_version":"2018-04-05v2","purchased_purges":3,"victory":true,"master_deck":["Strike_R","Strike_R","Defend_R+1","Defend_R+1","Defend_R","Defend_R","Bash","Headbutt","Body Slam+1","Juggernaut+1","Fiend Fire+1","Shrug It Off+1","Whirlwind+1","Impervious","Shrug It Off+1","Barricade+1","Entrench+1","True Grit+1","Body Slam+1","Shrug It Off"],"max_hp_per_floor":[80,85,85,85,85,85,85,85,95,95,95,95,95,95,95,95,95,95,95,95,95,95,95,95,95,95,95,95,95,95,95,95,95,95,95,95,95,95,95,95,95,95,95,95,95,95,95,95,95,95],"relics":["Burning Blood","Regal Pillow","Dodecahedron","Pear","Runic Dome","Bronze Scales","Blood Vial","Nilry\u0027s Codex","Charon\u0027s Ashes","Ancient Tea Set","Letter Opener","Sozu","Ginger"],"card_choices":[{"not_picked":["Thunderclap","Combust"],"picked":"Headbutt","floor":1},{"not_picked":["Armaments","Anger"],"picked":"Body Slam","floor":4},{"not_picked":["Cleave","Searing Blow"],"picked":"Juggernaut","floor":5},{"not_picked":["Sever Soul","Flex"],"picked":"Fiend Fire","floor":8},{"not_picked":["Burning Pact","Twin Strike"],"picked":"Shrug It Off","floor":10},{"not_picked":["Anger","Bloodletting"],"picked":"Whirlwind","floor":14},{"not_picked":["Bludgeon","Brutality"],"picked":"Impervious","floor":16},{"not_picked":["Twin Strike","Anger"],"picked":"Shrug It Off","floor":21},{"not_picked":["Clash","Evolve"],"picked":"Entrench","floor":31},{"not_picked":["Clash","Perfected Strike"],"picked":"True Grit","floor":37},{"not_picked":["Brutality","Disarm"],"picked":"Body Slam","floor":41},{"not_picked":["Entrench","Sword Boomerang"],"picked":"Shrug It Off","floor":45}],"player_experience":1692525,"potions_floor_usage":[8,18,27,27,33,50],"damage_taken":[{"damage":3,"enemies":"Jaw Worm","floor":1,"turns":4},{"damage":0,"enemies":"2 Louse","floor":4,"turns":4},{"damage":4,"enemies":"Cultist","floor":5,"turns":4},{"damage":28,"enemies":"3 Sentries","floor":7,"turns":11},{"damage":23,"enemies":"3 Sentries","floor":8,"turns":9},{"damage":2,"enemies":"Exordium Wildlife","floor":10,"turns":4},{"damage":0,"enemies":"3 Louse","floor":12,"turns":4},{"damage":19,"enemies":"Exordium Thugs","floor":14,"turns":5},{"damage":48,"enemies":"The Guardian","floor":16,"turns":11},{"damage":10,"enemies":"2 Thieves","floor":18,"turns":2},{"damage":19,"enemies":"Chosen","floor":20,"turns":5},{"damage":0,"enemies":"3 Cultists","floor":21,"turns":4},{"damage":0,"enemies":"Book of Stabbing","floor":27,"turns":5},{"damage":27,"enemies":"Slavers","floor":30,"turns":4},{"damage":10,"enemies":"Snake Plant","floor":31,"turns":4},{"damage":0,"enemies":"Collector","floor":33,"turns":5},{"damage":14,"enemies":"3 Darklings","floor":35,"turns":4},{"damage":0,"enemies":"Orb Walker","floor":37,"turns":3},{"damage":6,"enemies":"3 Darklings","floor":41,"turns":5},{"damage":20,"enemies":"Maw","floor":42,"turns":7},{"damage":5,"enemies":"Sphere and 2 Shapes","floor":45,"turns":6},{"damage":20,"enemies":"4 Shapes","floor":46,"turns":4},{"damage":13,"enemies":"Awakened One","floor":50,"turns":7}],"event_choices":[{"event_name":"Big Fish","player_choice":"Donut","floor":2,"damage_taken":0},{"event_name":"Dead Adventurer","player_choice":"Searched \u00272\u0027 times","floor":7,"damage_taken":0},{"event_name":"Cursed Tome","player_choice":"Obtained Book","floor":22,"damage_taken":0},{"event_name":"The Library","player_choice":"Read","floor":24,"damage_taken":0},{"event_name":"The Mausoleum","player_choice":"No","floor":28,"damage_taken":0},{"event_name":"Tomb of Lord Red Mask","player_choice":"Ignored","floor":36,"damage_taken":0},{"event_name":"Mysterious Sphere","player_choice":"Ignore","floor":39,"damage_taken":0},{"event_name":"Golden Shrine","player_choice":"Pray","floor":48,"damage_taken":0}],"boss_relics":[{"not_picked":["Runic Pyramid","Snecko Eye"],"picked":"Runic Dome"},{"not_picked":["Orrery","Pandora\u0027s Box"],"picked":"Sozu"}],"potions_floor_spawned":[4,7,8,16,18,30,35,37,41,45],"seed_played":"4679510625675234155","ascension_level":0,"is_trial":false}