{"path_per_floor":["M","M","M","M","?","E","R","$","T","R","E","R","M","?","R","B",null,"M","?","M","?"],"character_chosen":"THE_SILENT","items_purchased":["Ginger"],"gold_per_floor":[416,432,451,469,469,508,508,122,122,122,165,165,188,252,252,380,380,398,398,414,414],"floor_reached":22,"campfire_rested":3,"playtime":1658,"current_hp_per_floor":[63,63,59,59,44,3,21,21,21,21,3,21,21,5,23,18,63,31,31,31,15],"items_purged":["Defend_G"],"gold":414,"play_id":"25f7dba3-886a-46dd-9564-ea798aa46e36","is_prod":false,"is_daily":false,"is_ascension_mode":false,"campfire_upgraded":1,"path_taken":["M","M","M","M","?","E","R","$","T","R","E","R","M","?","R","BOSS","M","?","M","?","?"],"build_version":"2018-01-25-PROD3","purchased_purges":1,"victory":false,"master_deck":["Defend_G","Defend_G","Defend_G","Defend_G","Strike_G","Strike_G","Strike_G","Strike_G+1","Strike_G","Survivor","Neutralize+1","Dagger Spray+1","Well Laid Plans","Dagger Spray","Prepared","Dagger Throw","Dash","Dash","Poisoned Stab","Dodge and Roll","After Image","Tactician","Injury","Regret","Injury","Cloak And Dagger+1","Neutralize","Blur"],"max_hp_per_floor":[63,63,63,63,63,63,63,63,63,63,63,63,63,63,63,63,63,63,63,63,63],"relics":["Ring of the Snake","Old Coin","Golden Idol","Dream Catcher","Ginger","Whetstone","Bottled Lightning","Vajra","Calling Bell","Gambling Chip","Smiling Mask","Snake Skull","Nilry\u0027s Codex"],"card_choices":[{"not_picked":["Reflex","Acrobatics"],"picked":"Dagger Spray"},{"not_picked":["Glass Knife","Noxious Fumes"],"picked":"Well Laid Plans"},{"not_picked":["Acrobatics","Flechettes"],"picked":"Dagger Spray"},{"not_picked":["Outmaneuver","Dagger Spray"],"picked":"Prepared"},{"not_picked":["Dodge and Roll","Sucker Punch"],"picked":"Dagger Throw"},{"not_picked":["Slice","Adrenaline"],"picked":"Dash"},{"not_picked":["Dagger Spray","Terror"],"picked":"Dash"},{"not_picked":["Dodge and Roll","Sucker Punch"],"picked":"Poisoned Stab"},{"not_picked":["Dagger Spray","Backstab"],"picked":"Dodge and Roll"},{"not_picked":["Cloak And Dagger","Accuracy"],"picked":"After Image"},{"not_picked":["Unload","Adrenaline"],"picked":"Tactician"},{"not_picked":["Bane","Eviscerate"],"picked":"Cloak And Dagger"},{"not_picked":["Poisoned Stab","Deadly Poison"],"picked":"Blur"}],"player_experience":116355,"potions_floor_usage":[4,6,14,16,22],"damage_taken":[{"damage":0,"enemies":"2 Louse","floor":1,"turns":4},{"damage":0,"enemies":"Jaw Worm","floor":2,"turns":5},{"damage":4,"enemies":"Blue Slaver","floor":3,"turns":4},{"damage":0,"enemies":"2 Fungi Beasts","floor":4,"turns":2},{"damage":41,"enemies":"Lagavulin","floor":6,"turns":9},{"damage":18,"enemies":"Gremlin Nob","floor":11,"turns":4},{"damage":0,"enemies":"Looter","floor":13,"turns":3},{"damage":16,"enemies":"3 Sentries","floor":14,"turns":4},{"damage":5,"enemies":"Hexaghost","floor":16,"turns":9},{"damage":32,"enemies":"Spheric Guardian","floor":18,"turns":6},{"damage":0,"enemies":"Chosen","floor":20,"turns":4},{"damage":27,"enemies":"Snecko","floor":22,"turns":6}],"event_choices":[{"event_name":"Golden Idol","player_choice":"Take Damage","floor":5,"damage_taken":0},{"event_name":"Dead Adventurer","player_choice":"Searched \u00272\u0027 times","floor":14,"damage_taken":0},{"event_name":"Match and Keep!","player_choice":"1 cards matched","floor":19,"damage_taken":0},{"event_name":"Cursed Tome","player_choice":"Obtained Book","floor":21,"damage_taken":0}],"boss_relics":[{"not_picked":["White Beast Statue","Runic Dome"],"picked":"Calling Bell"}],"potions_floor_spawned":[1,3,11,14,16,18,20],"seed_played":"7805691374694200731","killed_by":"Snecko","ascension_level":0,"is_trial":false}