{"path_per_floor":["M","?","$","?","M","E","M","R","T","R","M","?","?","M","R","B",null,"M","M","$","?","M","R","?","$","T","R","M","M","$"],"character_chosen":"THE_SILENT","items_purchased":["Catalyst"],"gold_per_floor":[112,62,23,23,37,62,79,79,79,79,95,95,95,108,108,210,210,229,249,174,174,192,192,192,92,92,92,104,116,116],"floor_reached":31,"campfire_rested":4,"playtime":2937,"current_hp_per_floor":[70,70,70,70,70,23,23,44,44,44,42,42,42,31,52,19,70,66,65,65,65,26,47,47,47,47,68,57,35,35],"items_purged":["Strike_G","Strike_G"],"gold":116,"play_id":"a6075017-1790-45b6-8605-79c9521f3626","is_prod":false,"is_daily":false,"is_ascension_mode":false,"campfire_upgraded":1,"path_taken":["M","?","$","?","M","E","M","R","T","R","?","?","?","M","R","BOSS","M","?","$","?","M","R","?","$","T","R","M","?","?","M"],"build_version":"2018-02-01-PROD3","purchased_purges":2,"victory":false,"master_deck":["Defend_G","Defend_G","Defend_G","Defend_G","Defend_G","Survivor","Neutralize+1","Heel Hook","Catalyst","Dodge and Roll+1","Deadly Poison","Noxious Fumes","Neutralize","Bullet Time","Finesse","Unload","Backflip","Masterful Stab"],"max_hp_per_floor":[70,70,70,70,70,70,70,70,70,70,70,70,70,70,70,70,70,70,70,70,70,70,70,70,70,70,70,70,70,70],"relics":["Ring of the Snake","Centennial Puzzle","Omamori","Snecko Eye","Calipers"],"card_choices":[{"not_picked":["Well Laid Plans","Dodge and Roll"],"picked":"Heel Hook"},{"not_picked":["Dagger Spray","Deflect"],"picked":"Dodge and Roll"},{"not_picked":["Finisher","Backstab"],"picked":"Deadly Poison"},{"not_picked":["Quick Slash","Dagger Spray"],"picked":"Noxious Fumes"},{"not_picked":["Tools of the Trade","Burst"],"picked":"Unload"},{"not_picked":["Outmaneuver","Dash"],"picked":"Backflip"},{"not_picked":["Deflect","Distraction"],"picked":"Masterful Stab"}],"player_experience":59642,"potions_floor_usage":[6,16],"damage_taken":[{"damage":0,"enemies":"2 Louse","floor":1,"turns":4},{"damage":0,"enemies":"Small Slimes","floor":5,"turns":4},{"damage":47,"enemies":"Gremlin Nob","floor":6,"turns":7},{"damage":0,"enemies":"Cultist","floor":7,"turns":5},{"damage":2,"enemies":"Exordium Wildlife","floor":11,"turns":6},{"damage":11,"enemies":"Lots of Slimes","floor":14,"turns":6},{"damage":33,"enemies":"Slime Boss","floor":16,"turns":12},{"damage":4,"enemies":"3 Byrds","floor":18,"turns":6},{"damage":1,"enemies":"Spheric Guardian","floor":19,"turns":5},{"damage":39,"enemies":"Cultist and Chosen","floor":22,"turns":9},{"damage":11,"enemies":"Snake Plant","floor":28,"turns":5},{"damage":22,"enemies":"Chosen and Byrds","floor":29,"turns":9},{"damage":36,"enemies":"Sentry and Sphere","floor":31,"turns":5}],"event_choices":[{"event_name":"The Cleric","player_choice":"Card Removal","floor":2,"damage_taken":0},{"event_name":"Purifier","player_choice":"One Purge","floor":4,"damage_taken":0},{"event_name":"Bonfire Elementals","player_choice":"BASIC","floor":12,"damage_taken":0},{"event_name":"Match and Keep!","player_choice":"3 cards matched","floor":13,"damage_taken":0},{"event_name":"Drug Dealer","player_choice":"Ignored","floor":21,"damage_taken":0},{"event_name":"The Lab","player_choice":"Got Potions","floor":24,"damage_taken":0}],"boss_relics":[{"not_picked":["Cursed Key","Runic Pyramid"],"picked":"Snecko Eye"}],"potions_floor_spawned":[1,14,16,28,29],"seed_played":"-6370229088331389790","killed_by":"Sentry and Sphere","ascension_level":0,"is_trial":false}