{"path_per_floor":["M","$","?","M","$","R","E","?","T","$","M","E","M","M","R","B",null,"M","M"],"character_chosen":"THE_SILENT","items_purchased":["Noxious Fumes","Backflip","Blur"],"gold_per_floor":[111,41,41,56,7,7,36,36,36,2,17,49,62,82,82,180,180,199,214],"floor_reached":20,"campfire_rested":0,"playtime":2298,"current_hp_per_floor":[70,70,70,70,70,70,61,54,54,54,54,38,37,37,37,21,70,57,53],"items_purged":[],"gold":214,"play_id":"bc41c86e-f00c-4b43-81bd-2fa503aea66a","is_prod":false,"is_daily":false,"is_ascension_mode":true,"campfire_upgraded":2,"path_taken":["M","$","?","?","?","R","E","?","T","?","?","E","M","M","R","BOSS","M","M","M"],"build_version":"2018-01-25-PROD3","purchased_purges":0,"victory":false,"master_deck":["Defend_G","Defend_G","Defend_G","Defend_G","Strike_G","Strike_G","Strike_G","Strike_G","Survivor","Neutralize+1","Flying Knee","Noxious Fumes","Well Laid Plans","Backflip","Footwork+1","Blur","Tactician","Burst","Outmaneuver+1","Catalyst+1"],"max_hp_per_floor":[70,70,70,70,70,70,70,70,70,70,70,70,70,70,70,70,70,70,70],"relics":["Ring of the Snake","Du-Vu Doll","Dodecahedron","Gremlin Horn","The Specimen"],"card_choices":[{"not_picked":["Eviscerate","Terror"],"picked":"Flying Knee"},{"not_picked":["Deflect","Backstab"],"picked":"Well Laid Plans"},{"not_picked":["Prepared","Crippling Poison"],"picked":"Footwork"},{"not_picked":["Outmaneuver","Quick Slash"],"picked":"Tactician"},{"not_picked":["Unload","Doppelganger"],"picked":"Burst"},{"not_picked":["Malaise","PiercingWail"],"picked":"Outmaneuver"},{"not_picked":["Prepared","Outmaneuver"],"picked":"Catalyst"}],"player_experience":114057,"potions_floor_usage":[12,19],"damage_taken":[{"damage":0,"enemies":"Blue Slaver","floor":1,"turns":7},{"damage":0,"enemies":"2 Louse","floor":4,"turns":4},{"damage":9,"enemies":"Lagavulin","floor":7,"turns":8},{"damage":0,"enemies":"Jaw Worm","floor":11,"turns":5},{"damage":16,"enemies":"Gremlin Nob","floor":12,"turns":5},{"damage":1,"enemies":"Exordium Thugs","floor":13,"turns":6},{"damage":0,"enemies":"2 Fungi Beasts","floor":14,"turns":4},{"damage":16,"enemies":"The Guardian","floor":16,"turns":14},{"damage":13,"enemies":"Shell Parasite","floor":18,"turns":11},{"damage":4,"enemies":"3 Byrds","floor":19,"turns":8},{"damage":59,"enemies":"Slaver and Parasite","floor":20,"turns":4}],"event_choices":[{"event_name":"The Cleric","player_choice":"Leave","floor":3,"damage_taken":0},{"event_name":"Golden Wing","player_choice":"Card Removal","floor":8,"damage_taken":0}],"boss_relics":[{"not_picked":["Black Star","Philosopher\u0027s Stone"],"picked":"The Specimen"}],"potions_floor_spawned":[4,7,12],"seed_played":"-8239983037845426024","killed_by":"Slaver and Parasite","ascension_level":3,"is_trial":false}