{"path_per_floor":["M","M","$","M","M","E","?","R","T","$","R","E","$","E","R","B",null,"M","?","M","M","?","R","$","?","T","R","M","R","M","E","R","B",null,"M","M","?","M","M","R","$","M","T","M","R","E","$","M","R","B"],"character_chosen":"THE_SILENT","items_purchased":["Deadly Poison","Noxious Fumes","Dash","Bandage Up","Kunai"],"gold_per_floor":[112,126,24,38,55,83,258,258,309,69,69,97,0,34,34,129,129,146,146,165,180,180,180,55,55,82,82,98,98,117,148,148,253,253,270,282,282,296,315,315,76,93,142,153,153,179,29,41,41,41],"floor_reached":51,"campfire_rested":1,"playtime":4004,"current_hp_per_floor":[69,57,57,55,39,20,20,20,20,20,41,37,37,23,23,16,70,69,49,49,49,49,49,49,49,49,49,49,49,49,40,40,38,49,49,49,39,49,49,49,49,49,49,49,49,33,33,41,41,49],"items_purged":["Strike_G","Doubt","Defend_G","Regret"],"gold":41,"play_id":"db98b1ca-ed21-4226-a376-cf198d3e35a8","is_prod":false,"is_daily":false,"is_ascension_mode":true,"campfire_upgraded":9,"path_taken":["M","M","$","M","M","E","?","R","T","?","R","E","$","E","R","BOSS","M","?","M","M","?","R","$","?","T","R","M","R","M","E","R","BOSS","M","?","?","M","M","R","$","?","T","M","R","E","$","M","R","BOSS"],"build_version":"2018-02-01-PROD3","purchased_purges":4,"victory":true,"master_deck":["Defend_G","Defend_G","Defend_G","Survivor","Neutralize+1","Poisoned Stab","Deadly Poison","Backstab","Cloak And Dagger","Noxious Fumes+1","Dash+1","Die Die Die","Bandage Up","Dash+1","After Image+1","Bite","Bite","Bite","Bite","Bite","Dramatic Entrance","Catalyst+1","Malaise+1","Adrenaline","Well Laid Plans+1","Prepared+1","Madness+1","Madness","Footwork+1","Dagger Throw+1","After Image+1"],"max_hp_per_floor":[70,70,70,70,70,70,70,70,70,70,70,70,70,70,70,70,70,70,49,49,49,49,49,49,49,49,49,49,49,49,49,49,49,49,49,49,49,49,49,49,49,49,49,49,49,49,49,49,49,49],"relics":["Ring of the Snake","Snake Skull","Orichalcum","Dream Catcher","Gremlin Horn","Oddly Smooth Stone","Sozu","Lantern","Ninja Scroll","Cursed Key","Kunai","Anchor","Girya"],"card_choices":[{"not_picked":["Deflect","Blade Dance"],"picked":"Poisoned Stab"},{"not_picked":["Cloak And Dagger","Acrobatics"],"picked":"Backstab"},{"not_picked":["Dagger Spray","Caltrops"],"picked":"Cloak And Dagger"},{"not_picked":["All Out Attack","Dagger Spray"],"picked":"Die Die Die"},{"not_picked":["Dagger Spray","Terror"],"picked":"Dash"},{"not_picked":["Corpse Explosion","Storm of Steel"],"picked":"After Image"},{"not_picked":["Dodge and Roll","Riddle With Holes"],"picked":"Catalyst"},{"not_picked":["Deadly Poison","Dagger Spray"],"picked":"Malaise"},{"not_picked":["Burst","Die Die Die"],"picked":"Adrenaline"},{"not_picked":["Flying Knee","Dagger Throw"],"picked":"Well Laid Plans"},{"not_picked":["Dash","Flying Knee"],"picked":"Prepared"},{"not_picked":["Skewer","Acrobatics"],"picked":"Footwork"},{"not_picked":["Poisoned Stab","Bane"],"picked":"Dagger Throw"},{"not_picked":["Setup","Burst"],"picked":"After Image"}],"player_experience":274456,"potions_floor_usage":[],"damage_taken":[{"damage":1,"enemies":"2 Louse","floor":1,"turns":3},{"damage":12,"enemies":"Jaw Worm","floor":2,"turns":5},{"damage":2,"enemies":"Small Slimes","floor":4,"turns":4},{"damage":16,"enemies":"Exordium Thugs","floor":5,"turns":7},{"damage":19,"enemies":"Lagavulin","floor":6,"turns":6},{"damage":4,"enemies":"3 Sentries","floor":12,"turns":7},{"damage":18,"enemies":"Gremlin Nob","floor":14,"turns":4},{"damage":11,"enemies":"The Guardian","floor":16,"turns":8},{"damage":1,"enemies":"Spheric Guardian","floor":18,"turns":5},{"damage":4,"enemies":"3 Byrds","floor":20,"turns":3},{"damage":4,"enemies":"Centurion and Healer","floor":21,"turns":7},{"damage":8,"enemies":"Snecko","floor":28,"turns":5},{"damage":0,"enemies":"Chosen and Byrds","floor":30,"turns":5},{"damage":15,"enemies":"Slavers","floor":31,"turns":5},{"damage":19,"enemies":"Collector","floor":33,"turns":9},{"damage":0,"enemies":"Orb Walker","floor":35,"turns":3},{"damage":7,"enemies":"3 Shapes","floor":36,"turns":4},{"damage":0,"enemies":"Maw","floor":38,"turns":6},{"damage":2,"enemies":"3 Darklings","floor":39,"turns":6},{"damage":0,"enemies":"4 Shapes","floor":42,"turns":5},{"damage":0,"enemies":"Maw","floor":44,"turns":8},{"damage":18,"enemies":"2 Orb Walkers","floor":46,"turns":6},{"damage":0,"enemies":"Sphere and 2 Shapes","floor":48,"turns":4},{"damage":25,"enemies":"Awakened One","floor":50,"turns":16}],"event_choices":[{"event_name":"Liars Game","player_choice":"agreed","floor":7,"damage_taken":0},{"event_name":"Vampires","player_choice":"Became a vampire","floor":19,"damage_taken":0},{"event_name":"Match and Keep!","player_choice":"1 cards matched","floor":22,"damage_taken":0},{"event_name":"Purifier","player_choice":"One Purge","floor":25,"damage_taken":0},{"event_name":"Winding Halls","player_choice":"Embrace Madness","floor":37,"damage_taken":0}],"boss_relics":[{"not_picked":["Philosopher\u0027s Stone","Lizard Tail"],"picked":"Sozu"},{"not_picked":["Question Card","Runic Dome"],"picked":"Cursed Key"}],"potions_floor_spawned":[2,5,12,14,16,18,33,36,38,46,48],"seed_played":"7573926424831668924","ascension_level":4,"is_trial":false}