{"path_per_floor":["M","M","M","M","?","E","?","M","T","E","M","E","R","M","R","B",null,"M","?","M","$","?","E","R","E","T","$","M","M","E","?","R","B",null,"M","?","M","$","M","R","E","M","T","R","E","$","R","?","R"],"character_chosen":"THE_SILENT","items_purchased":["Cloak And Dagger","Lee\u0027s Waffle","Noxious Fumes","Mind Blast","Cloak And Dagger","Terror","Block Potion"],"gold_per_floor":[11,30,47,61,61,90,90,105,128,153,165,200,200,215,215,312,312,322,322,333,70,70,97,97,131,131,51,68,87,118,118,118,221,221,237,237,250,17,30,30,55,71,71,71,102,14,14,0,0],"floor_reached":50,"campfire_rested":6,"playtime":3925,"current_hp_per_floor":[68,65,60,53,53,22,80,71,71,46,50,35,74,76,76,35,80,61,61,48,87,87,14,55,33,33,33,26,29,11,11,52,12,87,82,82,56,56,7,48,43,35,49,94,45,45,90,90,90],"items_purged":["Writhe"],"gold":0,"play_id":"2df2f094-7f51-4390-b099-eb9174e7b8e7","is_prod":false,"is_daily":false,"is_ascension_mode":false,"campfire_upgraded":2,"path_taken":["M","M","M","M","?","E","?","?","T","E","?","E","R","?","R","BOSS","M","?","?","$","?","E","R","E","T","?","M","?","E","?","R","BOSS","M","?","M","$","M","R","E","M","T","R","E","?","R","?","R","BOSS"],"build_version":"2018-02-01-PROD3","purchased_purges":1,"victory":false,"master_deck":["Defend_G+1","Defend_G+1","Defend_G+1","Defend_G+1","Defend_G+1","Strike_G+1","Strike_G+1","Strike_G+1","Strike_G+1","Strike_G+1","Survivor","Neutralize","Blade Dance","Noxious Fumes","Infinite Blades+1","Crippling Poison","Dagger Spray","Bullet Time","Dodge and Roll","Cloak And Dagger","Die Die Die","Night Terror","Bane+1","Deflect","Cloak And Dagger","Finisher+1","Noxious Fumes","Cloak And Dagger","Dash","Wraith Form+1","Night Terror","Dodge and Roll+1","Bane+1","Mind Blast","Cloak And Dagger","Infinite Blades+1","Dash","Deflect","Leg Sweep","Terror"],"max_hp_per_floor":[70,70,70,70,70,70,80,80,80,80,80,80,80,80,80,80,80,80,80,80,87,87,87,87,87,87,87,87,87,87,87,87,87,87,87,87,87,87,87,87,87,87,101,101,101,101,101,101,101],"relics":["Ring of the Snake","Gambling Chip","Mummified Hand","Regal Pillow","Bird Faced Urn","Calipers","Lizard Tail","Lee\u0027s Waffle","Pen Nib","Ninja Scroll","Torii","Blood Vial","Omamori","Runic Pyramid","Thread and Needle","Mango","Vajra","Red Mask"],"card_choices":[{"not_picked":["Dodge and Roll","Backflip"],"picked":"Blade Dance"},{"not_picked":["Dagger Throw","Skewer"],"picked":"Noxious Fumes"},{"not_picked":["Catalyst","Dodge and Roll"],"picked":"Tools of the Trade"},{"not_picked":["Outmaneuver","Malaise"],"picked":"Infinite Blades"},{"not_picked":["Endless Agony","Slice"],"picked":"Crippling Poison"},{"not_picked":["Dodge and Roll","Quick Slash"],"picked":"Dagger Spray"},{"not_picked":["Underhanded Strike","Bane"],"picked":"Bullet Time"},{"not_picked":["Slice","Dagger Spray"],"picked":"Dodge and Roll"},{"not_picked":["Underhanded Strike","Sucker Punch"],"picked":"Cloak And Dagger"},{"not_picked":["Prepared","Sucker Punch"],"picked":"Die Die Die"},{"not_picked":["Unload","Burst"],"picked":"Night Terror"},{"not_picked":["Deflect","PiercingWail"],"picked":"Bane"},{"not_picked":["Deadly Poison","Acrobatics"],"picked":"Deflect"},{"not_picked":["Riddle With Holes","Cloak And Dagger"],"picked":"Finisher"},{"not_picked":["Poisoned Stab","Die Die Die"],"picked":"Footwork"},{"not_picked":["Outmaneuver","Flying Knee"],"picked":"Cloak And Dagger"},{"not_picked":["Slice","Dagger Spray"],"picked":"Dash"},{"not_picked":["Dagger Throw","Backflip"],"picked":"Wraith Form"},{"not_picked":["Glass Knife","Die Die Die"],"picked":"Night Terror"},{"not_picked":["Dagger Spray","PiercingWail"],"picked":"Dodge and Roll"},{"not_picked":["Prepared","Underhanded Strike"],"picked":"Bane"},{"not_picked":["Cloak And Dagger","Calculated Gamble"],"picked":"Infinite Blades"},{"not_picked":["Acrobatics","Sucker Punch"],"picked":"Dash"},{"not_picked":["Dagger Spray","Riddle With Holes"],"picked":"Deflect"},{"not_picked":["Blur","Noxious Fumes"],"picked":"Leg Sweep"}],"player_experience":99974,"potions_floor_usage":[11,12,20,20,25,29,42,42,50,50],"damage_taken":[{"damage":2,"enemies":"Cultist","floor":1,"turns":4},{"damage":3,"enemies":"Jaw Worm","floor":2,"turns":6},{"damage":5,"enemies":"2 Louse","floor":3,"turns":2},{"damage":7,"enemies":"2 Fungi Beasts","floor":4,"turns":4},{"damage":31,"enemies":"Gremlin Nob","floor":6,"turns":5},{"damage":9,"enemies":"Lots of Slimes","floor":8,"turns":4},{"damage":25,"enemies":"3 Sentries","floor":10,"turns":5},{"damage":0,"enemies":"Large Slime","floor":11,"turns":5},{"damage":31,"enemies":"Gremlin Nob","floor":12,"turns":5},{"damage":2,"enemies":"Red Slaver","floor":14,"turns":5},{"damage":45,"enemies":"Hexaghost","floor":16,"turns":10},{"damage":25,"enemies":"Shell Parasite","floor":18,"turns":6},{"damage":21,"enemies":"2 Thieves","floor":20,"turns":4},{"damage":81,"enemies":"Gremlin Leader","floor":23,"turns":8},{"damage":26,"enemies":"Slavers","floor":25,"turns":5},{"damage":15,"enemies":"Snake Plant","floor":28,"turns":4},{"damage":1,"enemies":"Chosen and Byrds","floor":29,"turns":5},{"damage":24,"enemies":"Book of Stabbing","floor":30,"turns":6},{"damage":52,"enemies":"Collector","floor":33,"turns":9},{"damage":9,"enemies":"Orb Walker","floor":35,"turns":5},{"damage":33,"enemies":"3 Shapes","floor":37,"turns":5},{"damage":63,"enemies":"Maw","floor":39,"turns":7},{"damage":64,"enemies":"Nemesis","floor":41,"turns":10},{"damage":39,"enemies":"4 Shapes","floor":42,"turns":7},{"damage":55,"enemies":"2 Orb Walkers","floor":45,"turns":6},{"damage":130,"enemies":"Time Eater","floor":50,"turns":11}],"event_choices":[{"event_name":"Golden Wing","player_choice":"Ignored","floor":5,"damage_taken":0},{"event_name":"Bonfire Elementals","player_choice":"RARE","floor":7,"damage_taken":0},{"event_name":"Back to Basics","player_choice":"Simplicity","floor":19,"damage_taken":0},{"event_name":"Addict","player_choice":"Ignored","floor":22,"damage_taken":0},{"event_name":"The Mausoleum","player_choice":"Yes","floor":31,"damage_taken":0},{"event_name":"Tomb of Lord Red Mask","player_choice":"Paid","floor":48,"damage_taken":0}],"boss_relics":[{"not_picked":["Pandora\u0027s Box","Runic Dome"],"picked":"Lizard Tail"},{"not_picked":["Snecko Eye","Orrery"],"picked":"Runic Pyramid"}],"potions_floor_spawned":[2,11,12,16,23,28,33,37,41],"seed_played":"-4216839715573679412","killed_by":"Time Eater","ascension_level":0,"is_trial":false}