{"path_per_floor":["M","M","?","$","?","R","M","?","T","M","M","M","$","?","R","B",null,"M","M","$","M","M"],"character_chosen":"THE_SILENT","items_purchased":["Outmaneuver"],"gold_per_floor":[110,125,125,73,73,73,88,38,38,53,70,81,6,28,28,130,130,146,161,61,77,95],"floor_reached":23,"campfire_rested":1,"playtime":2219,"current_hp_per_floor":[70,70,56,56,44,44,44,44,44,44,29,29,29,2,23,11,70,70,56,56,44,13],"items_purged":["Strike_G","Strike_G"],"gold":95,"play_id":"6e2a5ab8-92ed-4d51-a1d0-4cfd067875f8","is_prod":false,"is_daily":false,"is_ascension_mode":false,"campfire_upgraded":1,"path_taken":["M","M","?","$","?","R","?","?","T","M","M","M","$","?","R","BOSS","M","M","$","M","M","E"],"build_version":"2018-02-01-PROD3","purchased_purges":2,"victory":false,"master_deck":["Defend_G","Defend_G","Defend_G","Defend_G","Defend_G+1","Strike_G","Strike_G","Survivor","Neutralize","Backflip","Backflip","Flying Knee","Skewer+1","Outmaneuver+1","Outmaneuver","Prepared","Terror","Backflip","Adrenaline","Calculated Gamble+1"],"max_hp_per_floor":[70,70,70,70,70,70,70,70,70,70,70,70,70,70,70,70,70,70,70,70,70,70],"relics":["Orrery","Centennial Puzzle","Girya","Odd Mushroom","Velvet Choker"],"card_choices":[{"not_picked":["Slice","Dodge and Roll"],"picked":"Backflip"},{"not_picked":["PiercingWail","Dagger Spray"],"picked":"Backflip"},{"not_picked":["Sucker Punch","PiercingWail"],"picked":"Flying Knee"},{"not_picked":["Riddle With Holes","Dagger Spray"],"picked":"Skewer"},{"not_picked":["Backflip","Dodge and Roll"],"picked":"Outmaneuver"},{"not_picked":["Choke","A Thousand Cuts"],"picked":"Prepared"},{"not_picked":["Choke","Malaise"],"picked":"Terror"},{"not_picked":["Bane","Dagger Spray"],"picked":"Backflip"},{"not_picked":["Night Terror","Venomology"],"picked":"Adrenaline"},{"not_picked":["Bane","Malaise"],"picked":"Calculated Gamble"}],"player_experience":53407,"potions_floor_usage":[21,22,22],"damage_taken":[{"damage":0,"enemies":"Cultist","floor":1,"turns":3},{"damage":0,"enemies":"Small Slimes","floor":2,"turns":4},{"damage":0,"enemies":"2 Louse","floor":7,"turns":2},{"damage":0,"enemies":"Looter","floor":10,"turns":3},{"damage":15,"enemies":"Exordium Thugs","floor":11,"turns":2},{"damage":0,"enemies":"Red Slaver","floor":12,"turns":5},{"damage":27,"enemies":"The Mushroom Lair","floor":14,"turns":6},{"damage":12,"enemies":"Hexaghost","floor":16,"turns":9},{"damage":0,"enemies":"Chosen","floor":18,"turns":3},{"damage":14,"enemies":"3 Byrds","floor":19,"turns":9},{"damage":12,"enemies":"3 Cultists","floor":21,"turns":7},{"damage":31,"enemies":"Chosen and Byrds","floor":22,"turns":7},{"damage":14,"enemies":"Slavers","floor":23,"turns":1}],"event_choices":[{"event_name":"Shining Light","player_choice":"Entered Light","floor":3,"damage_taken":0},{"event_name":"Scrap Ooze","player_choice":"success","floor":5,"damage_taken":12},{"event_name":"The Cleric","player_choice":"Card Removal","floor":8,"damage_taken":0},{"event_name":"Mushrooms","player_choice":"Fought Mushrooms","floor":14,"damage_taken":0}],"boss_relics":[{"not_picked":["Runic Dome","Cursed Key"],"picked":"Velvet Choker"}],"potions_floor_spawned":[7,10,12,16,21,22],"seed_played":"3455907924630955840","killed_by":"Slavers","ascension_level":0,"is_trial":false}