{"path_per_floor":["M","?","M","?","?","E","M","E","T","R","M","M","M","?","R","B",null,"M","?","$","?","M","R","M","R","T","$","E","R","?","M","R","B",null,"M","M","$","?","M","R","E","R","T","M","?","?","$","M","R"],"character_chosen":"THE_SILENT","items_purchased":["Ninja Scroll","A Thousand Cuts","Sucker Punch","Caltrops","Panache","Infinite Blades"],"gold_per_floor":[118,118,138,313,278,309,319,352,406,406,426,441,452,452,452,557,557,568,568,117,42,58,58,70,70,97,56,83,83,83,99,99,197,197,217,229,35,0,14,14,48,48,48,66,66,66,26,42,42],"floor_reached":50,"campfire_rested":8,"playtime":3168,"current_hp_per_floor":[67,55,54,54,70,47,41,26,26,47,43,43,40,40,61,26,70,66,66,66,66,39,60,55,55,55,55,41,62,62,46,67,33,70,70,49,49,49,4,25,9,30,30,26,26,26,26,26,47],"items_purged":[],"gold":42,"play_id":"c92f431f-0a04-4dcf-a430-e292a35a410e","is_prod":false,"is_daily":false,"is_ascension_mode":false,"campfire_upgraded":1,"path_taken":["M","?","?","?","?","E","M","E","T","R","?","M","?","?","R","BOSS","M","?","$","?","M","R","M","R","T","$","E","R","?","M","R","BOSS","M","M","$","?","M","R","E","R","T","M","?","?","?","M","R","BOSS"],"build_version":"2018-02-01-PROD3","purchased_purges":1,"victory":false,"master_deck":["Defend_G","Defend_G","Defend_G","Defend_G","Defend_G","Strike_G","Strike_G","Strike_G","Strike_G","Survivor","Neutralize+1","Outmaneuver","Well Laid Plans","Predator","All Out Attack","Dodge and Roll","Infinite Blades+1","Heel Hook","Flying Knee","Choke","A Thousand Cuts+1","Well Laid Plans+1","Cloak And Dagger+1","Outmaneuver","Deflect","Venomology","Terror","A Thousand Cuts+1","Sucker Punch","Malaise","Backflip+1","Caltrops+1","Burst","Leg Sweep","Backflip","Die Die Die","Slice","Backstab+1","Panache+1","Finisher+1","A Thousand Cuts+1","Slice+1","Flash of Steel","Infinite Blades+1","Predator+1"],"max_hp_per_floor":[70,70,70,70,70,70,70,70,70,70,70,70,70,70,70,70,70,70,70,70,70,70,70,70,70,70,70,70,70,70,70,70,70,70,70,70,70,70,70,70,70,70,70,70,70,70,70,70,70],"relics":["Ring of the Snake","Ginger","Kunai","Frozen Egg 2","Pen Nib","Orrery","Ninja Scroll","Omamori","Lantern","Sozu","Red Mask","Snake Skull","Du-Vu Doll"],"card_choices":[{"not_picked":["Cloak And Dagger","Backflip"],"picked":"Well Laid Plans"},{"not_picked":["Deadly Poison","Sucker Punch"],"picked":"Predator"},{"not_picked":["Deadly Poison","Predator"],"picked":"All Out Attack"},{"not_picked":["Dagger Spray","Finisher"],"picked":"Dodge and Roll"},{"not_picked":["Acrobatics","Bouncing Flask"],"picked":"Infinite Blades"},{"not_picked":["Deflect","Catalyst"],"picked":"Heel Hook"},{"not_picked":["Underhanded Strike","Dagger Spray"],"picked":"Flying Knee"},{"not_picked":["Finisher","Slice"],"picked":"Choke"},{"not_picked":["Venomology","Doppelganger"],"picked":"A Thousand Cuts"},{"not_picked":["Bane","Deadly Poison"],"picked":"Well Laid Plans"},{"not_picked":["Heel Hook","Skewer"],"picked":"Cloak And Dagger"},{"not_picked":["Underhanded Strike","Prepared"],"picked":"Outmaneuver"},{"not_picked":["Acrobatics","Underhanded Strike"],"picked":"Deflect"},{"not_picked":["Deadly Poison","Masterful Stab"],"picked":"Venomology"},{"not_picked":["Sucker Punch","Acrobatics"],"picked":"Terror"},{"not_picked":["Deadly Poison","Calculated Gamble"],"picked":"Malaise"},{"not_picked":["Malaise","Dodge and Roll"],"picked":"Backflip"},{"not_picked":["Dagger Throw","Blur"],"picked":"Burst"},{"not_picked":["Poisoned Stab","All Out Attack"],"picked":"Backflip"},{"not_picked":["Doppelganger","Envenom"],"picked":"Die Die Die"},{"not_picked":["Deadly Poison","Prepared"],"picked":"Slice"},{"not_picked":["Malaise","Underhanded Strike"],"picked":"Backstab"},{"not_picked":["Quick Slash","Deflect"],"picked":"Finisher"},{"not_picked":["Deadly Poison","Dagger Throw"],"picked":"A Thousand Cuts"},{"not_picked":["All Out Attack","Well Laid Plans"],"picked":"Slice"},{"not_picked":["Riddle With Holes","Escape Plan"],"picked":"Predator"}],"player_experience":113280,"potions_floor_usage":[8,12,24,28,28,31,31,33,33],"damage_taken":[{"damage":3.0,"enemies":"Jaw Worm","floor":1.0,"turns":6.0},{"damage":1.0,"enemies":"Cultist","floor":3.0,"turns":6.0},{"damage":23.0,"enemies":"Gremlin Nob","floor":6.0,"turns":5.0},{"damage":6.0,"enemies":"Blue Slaver","floor":7.0,"turns":3.0},{"damage":15,"enemies":"Lagavulin","floor":8,"turns":8},{"damage":4,"enemies":"2 Fungi Beasts","floor":11,"turns":3},{"damage":0,"enemies":"Exordium Wildlife","floor":12,"turns":2},{"damage":3,"enemies":"Looter","floor":13,"turns":3},{"damage":35,"enemies":"The Guardian","floor":16,"turns":9},{"damage":4,"enemies":"Chosen","floor":18,"turns":6},{"damage":27,"enemies":"2 Thieves","floor":22,"turns":3},{"damage":5,"enemies":"Snecko","floor":24,"turns":5},{"damage":23,"enemies":"Gremlin Leader","floor":28,"turns":5},{"damage":16,"enemies":"3 Cultists","floor":31,"turns":5},{"damage":34,"enemies":"Automaton","floor":33,"turns":8},{"damage":0,"enemies":"Orb Walker","floor":35,"turns":3},{"damage":21,"enemies":"3 Shapes","floor":36,"turns":4},{"damage":45,"enemies":"Sphere and 2 Shapes","floor":39,"turns":6},{"damage":16,"enemies":"Nemesis","floor":41,"turns":4},{"damage":4,"enemies":"3 Darklings","floor":44,"turns":3},{"damage":0,"enemies":"Maw","floor":48,"turns":5},{"damage":48,"enemies":"Awakened One","floor":50,"turns":3}],"event_choices":[{"event_name":"Scrap Ooze","player_choice":"success","floor":2.0,"damage_taken":12.0},{"event_name":"Liars Game","player_choice":"agreed","floor":4.0,"damage_taken":0.0},{"event_name":"The Cleric","player_choice":"Healed","floor":5.0,"damage_taken":0.0},{"event_name":"Living Wall","player_choice":"Grow","floor":14,"damage_taken":0},{"event_name":"Vampires","player_choice":"Ignored","floor":19,"damage_taken":0},{"event_name":"Beggar","player_choice":"Gave Gold","floor":21,"damage_taken":0},{"event_name":"The Library","player_choice":"Read","floor":30,"damage_taken":0},{"event_name":"Tomb of Lord Red Mask","player_choice":"Paid","floor":38,"damage_taken":0},{"event_name":"Match and Keep!","player_choice":"1 cards matched","floor":45,"damage_taken":0},{"event_name":"Mysterious Sphere","player_choice":"Ignore","floor":46,"damage_taken":0}],"boss_relics":[{"not_picked":["Eternal Feather","Runic Pyramid"],"picked":"Orrery"},{"not_picked":["Pandora\u0027s Box","Snecko Eye"],"picked":"Sozu"}],"potions_floor_spawned":[3,6,8,13,16,28,31,33,39,41,44],"seed_played":"-9138373583294824590","killed_by":"Awakened One","ascension_level":0,"is_trial":false}