{"path_per_floor":["M","?","?","M","$","R","M","R","T","M","$","M","M","E","R","B",null,"M","?","?","$","M","R","E","M","T","R","E","R","$","?","R","B",null,"M","?","?","$","M","R","M","R","T","M","M","$","?","?","R","B"],"character_chosen":"THE_SILENT","items_purchased":["Footwork","Bandage Up","Prepared"],"gold_per_floor":[114,114,214,233,158,158,178,178,248,266,166,177,190,219,219,322,322,322,322,322,39,39,39,39,39,39,39,39,39,13,13,13,13,13,13,13,13,13,13,13,13,13,13,13,13,13,0,0,0,0],"floor_reached":51,"campfire_rested":2,"playtime":4293,"current_hp_per_floor":[70,70,70,70,70,70,68,68,68,66,66,58,56,50,50,17,70,70,61,61,61,53,53,42,46,46,46,20,42,42,42,42,2,75,65,65,65,65,53,53,57,57,57,37,41,41,41,41,63,72],"items_purged":["Strike_G","Defend_G","Strike_G"],"gold":0,"play_id":"4be16aa9-1ccd-4c2d-aa79-3dfe62706303","is_prod":false,"is_daily":false,"is_ascension_mode":true,"campfire_upgraded":8,"path_taken":["M","?","?","M","$","R","M","R","T","M","$","M","M","E","R","BOSS","M","?","?","$","M","R","E","M","T","R","E","R","$","?","R","BOSS","M","?","?","$","?","R","M","R","T","M","M","$","?","?","R","BOSS"],"build_version":"2018-01-25-PROD3","purchased_purges":3,"victory":true,"master_deck":["Defend_G","Defend_G","Strike_G","Strike_G","Survivor+1","Neutralize+1","A Thousand Cuts+1","Neutralize+1","Heel Hook","Caltrops+1","Escape Plan","Dagger Throw+1","Calculated Gamble+1","Venomology","Prepared","Calculated Gamble+1","Footwork+1","Bandage Up","Blur+1","Heel Hook+1","Prepared+1","Venomology","Deflect+1","Adrenaline+1","Storm of Steel+1","Dagger Throw+1","Dash+1","Backflip"],"max_hp_per_floor":[70,70,70,70,70,70,70,70,70,70,70,70,70,70,70,70,70,70,75,75,75,75,75,75,75,75,75,75,75,75,75,75,75,75,75,75,75,75,75,75,75,75,75,75,75,75,75,75,75,75],"relics":["Ring of the Snake","Ornamental Fan","Mercury Hourglass","Ectoplasm","Oddly Smooth Stone","Paper Crane","Torii","Astrolabe","Dream Catcher","Red Mask"],"card_choices":[{"not_picked":["Dagger Spray","Underhanded Strike"],"picked":"Dagger Throw"},{"not_picked":["Acrobatics","Deadly Poison"],"picked":"Heel Hook"},{"not_picked":["Flechettes","Dagger Spray"],"picked":"Caltrops"},{"not_picked":["Outmaneuver","Noxious Fumes"],"picked":"Escape Plan"},{"not_picked":["Dodge and Roll","Outmaneuver"],"picked":"Dagger Throw"},{"not_picked":["Bane","Skewer"],"picked":"Calculated Gamble"},{"not_picked":["Phantasmal Killer","Bullet Time"],"picked":"Venomology"},{"not_picked":["Sucker Punch","Poisoned Stab"],"picked":"Prepared"},{"not_picked":["Flying Knee","Reflex"],"picked":"Blur"},{"not_picked":["Dagger Spray","Dodge and Roll"],"picked":"Heel Hook"},{"not_picked":["Corpse Explosion","Bullet Time"],"picked":"Venomology"},{"not_picked":["PiercingWail","Deflect"],"picked":"Dagger Throw"},{"not_picked":["Noxious Fumes","Dagger Spray"],"picked":"Dash"},{"not_picked":["Predator","Sucker Punch"],"picked":"Backflip"}],"player_experience":109764,"potions_floor_usage":[14,14,18,22,24,25,25,28,28,33,39,41,44,45,45,50,50,50,50],"damage_taken":[{"damage":0,"enemies":"Cultist","floor":1,"turns":5},{"damage":0,"enemies":"Blue Slaver","floor":4,"turns":6},{"damage":2,"enemies":"Jaw Worm","floor":7,"turns":4},{"damage":2,"enemies":"Red Slaver","floor":10,"turns":3},{"damage":8,"enemies":"Lots of Slimes","floor":12,"turns":4},{"damage":2,"enemies":"3 Louse","floor":13,"turns":4},{"damage":6,"enemies":"Gremlin Nob","floor":14,"turns":5},{"damage":33,"enemies":"Slime Boss","floor":16,"turns":9},{"damage":0,"enemies":"3 Byrds","floor":18,"turns":3},{"damage":12,"enemies":"Chosen","floor":22,"turns":6},{"damage":30,"enemies":"Book of Stabbing","floor":24,"turns":7},{"damage":0,"enemies":"Slaver and Parasite","floor":25,"turns":6},{"damage":45,"enemies":"Slavers","floor":28,"turns":6},{"damage":44,"enemies":"Automaton","floor":33,"turns":10},{"damage":10,"enemies":"3 Shapes","floor":35,"turns":6},{"damage":12,"enemies":"3 Darklings","floor":39,"turns":3},{"damage":0,"enemies":"Maw","floor":41,"turns":9},{"damage":20,"enemies":"4 Shapes","floor":44,"turns":4},{"damage":9,"enemies":"Sphere and 2 Shapes","floor":45,"turns":4},{"damage":4,"enemies":"Awakened One","floor":50,"turns":19}],"event_choices":[{"event_name":"Match and Keep!","player_choice":"1 cards matched","floor":2,"damage_taken":0},{"event_name":"Golden Shrine","player_choice":"Pray","floor":3,"damage_taken":0},{"event_name":"Forgotten Altar","player_choice":"Shed Blood","floor":19,"damage_taken":0},{"event_name":"Duplicator","player_choice":"One dupe","floor":20,"damage_taken":0},{"event_name":"Addict","player_choice":"Ignored","floor":31,"damage_taken":0},{"event_name":"Upgrade Shrine","player_choice":"Upgraded","floor":37,"damage_taken":0},{"event_name":"Tomb of Lord Red Mask","player_choice":"Paid","floor":47,"damage_taken":0},{"event_name":"Mysterious Sphere","player_choice":"Ignore","floor":48,"damage_taken":0}],"boss_relics":[{"not_picked":["Runic Dome","Orrery"],"picked":"Ectoplasm"},{"not_picked":["Philosopher\u0027s Stone","White Beast Statue"],"picked":"Astrolabe"}],"potions_floor_spawned":[4,7,12,18,24,25,39,41,45],"seed_played":"4703733312714353665","ascension_level":2,"is_trial":false}