{"path_per_floor":["M","M","M","?","M","R","E","M","T","?","$","M","M","M","R","B",null,"M","$","M","?","M","E","?","E","T","M","$","?","?","M","R","B",null,"M","M","$","M","M","R","M","?","T","$","M","M","R","M","R","B"],"character_chosen":"THE_SILENT","items_purchased":["Footwork","Blood Vial","Tough Bandages","War Paint","Footwork"],"gold_per_floor":[113,126,137,137,151,151,182,197,222,295,72,85,103,119,119,238,238,263,16,30,30,44,78,78,114,138,152,77,77,77,95,95,192,192,206,218,72,85,101,101,120,120,173,34,54,72,72,84,84,84],"floor_reached":51,"campfire_rested":0,"playtime":7481,"current_hp_per_floor":[70,70,70,53,46,46,30,27,27,20,20,22,24,22,22,13,70,67,67,62,62,62,61,61,46,46,44,44,44,28,40,40,47,70,70,70,70,70,61,61,68,68,70,70,70,70,70,70,70,45],"items_purged":["Regret","Decay"],"gold":84,"play_id":"ffe409ee-950c-400f-9681-1c7a83c8e7d7","is_prod":false,"is_daily":false,"is_ascension_mode":false,"campfire_upgraded":6,"path_taken":["M","M","M","?","M","R","E","M","T","?","$","M","?","M","R","BOSS","M","$","M","?","M","E","?","E","T","?","?","?","?","M","R","BOSS","M","M","$","?","M","R","M","?","T","?","M","M","R","M","R","BOSS"],"build_version":"2018-01-25-PROD3","purchased_purges":2,"victory":true,"master_deck":["Defend_G+1","Defend_G+1","Defend_G+1","Defend_G+1","Strike_G+1","Strike_G+1","Strike_G+1","Survivor","Neutralize+1","Poisoned Stab+1","Backflip+1","Footwork+1","Quick Slash","Footwork+1","Tactician+1","Dash+1","Wraith Form+1","Prepared+1","All Out Attack+1","Well Laid Plans","Venomology+1","Necronomicurse","Calculated Gamble+1","After Image","Deflect+1","After Image+1","Heel Hook+1","Blur","Escape Plan","Reflex+1","Acrobatics+1","Footwork"],"max_hp_per_floor":[70,70,70,70,70,70,70,70,70,70,70,70,70,70,70,70,70,70,70,70,70,70,70,70,70,70,70,70,70,70,70,70,70,70,70,70,70,70,70,70,70,70,70,70,70,70,70,70,70,70],"relics":["Ring of the Snake","Bloody Idol","Lantern","Bag of Marbles","Sundial","Blood Vial","Cursed Key","Tough Bandages","Meat on the Bone","Gambling Chip","Whetstone","Necronomicon","Astrolabe","War Paint","Toxic Egg"],"card_choices":[{"not_picked":["Masterful Stab","Outmaneuver"],"picked":"Poisoned Stab"},{"not_picked":["Caltrops","Acrobatics"],"picked":"Backflip"},{"not_picked":["Slice","Outmaneuver"],"picked":"Footwork"},{"not_picked":["Poisoned Stab","Slice"],"picked":"Dagger Throw"},{"not_picked":["Sucker Punch","Crippling Poison"],"picked":"Quick Slash"},{"not_picked":["Backflip","Skewer"],"picked":"Tactician"},{"not_picked":["Underhanded Strike","Crippling Poison"],"picked":"Dash"},{"not_picked":["Burst","Envenom"],"picked":"Wraith Form"},{"not_picked":["PiercingWail","Dash"],"picked":"All Out Attack"},{"not_picked":["Dodge and Roll","Bane"],"picked":"Well Laid Plans"},{"not_picked":["Well Laid Plans","Dagger Throw"],"picked":"Venomology"},{"not_picked":["Finisher","Backstab"],"picked":"Calculated Gamble"},{"not_picked":["Unload","A Thousand Cuts"],"picked":"After Image"},{"not_picked":["All Out Attack","Well Laid Plans"],"picked":"Blur"},{"not_picked":["Dagger Spray","Deflect"],"picked":"Escape Plan"},{"not_picked":["Dagger Spray","Blur"],"picked":"Reflex"},{"not_picked":["Prepared","Crippling Poison"],"picked":"Acrobatics"}],"player_experience":80658,"potions_floor_usage":[7,10,22,23,23,23,31,35,36,36,41,45,46,50,50,50,50],"damage_taken":[{"damage":0,"enemies":"2 Louse","floor":1,"turns":3},{"damage":0,"enemies":"Cultist","floor":2,"turns":4},{"damage":0,"enemies":"Blue Slaver","floor":3,"turns":5},{"damage":7,"enemies":"Gremlin Gang","floor":5,"turns":6},{"damage":16,"enemies":"3 Sentries","floor":7,"turns":11},{"damage":3,"enemies":"Exordium Thugs","floor":8,"turns":7},{"damage":7,"enemies":"3 Sentries","floor":10,"turns":10},{"damage":0,"enemies":"Exordium Wildlife","floor":12,"turns":4},{"damage":0,"enemies":"Large Slime","floor":13,"turns":8},{"damage":4,"enemies":"2 Fungi Beasts","floor":14,"turns":2},{"damage":11,"enemies":"The Guardian","floor":16,"turns":16},{"damage":3,"enemies":"3 Byrds","floor":18,"turns":7},{"damage":7,"enemies":"Shell Parasite","floor":20,"turns":6},{"damage":17,"enemies":"Centurion and Healer","floor":22,"turns":12},{"damage":3,"enemies":"Gremlin Leader","floor":23,"turns":9},{"damage":17,"enemies":"Book of Stabbing","floor":25,"turns":8},{"damage":4,"enemies":"Snake Plant","floor":27,"turns":5},{"damage":7,"enemies":"Sentry and Sphere","floor":31,"turns":6},{"damage":0,"enemies":"Collector","floor":33,"turns":13},{"damage":0,"enemies":"3 Shapes","floor":35,"turns":5},{"damage":0,"enemies":"3 Darklings","floor":36,"turns":7},{"damage":0,"enemies":"Maw","floor":38,"turns":9},{"damage":14,"enemies":"4 Shapes","floor":39,"turns":6},{"damage":0,"enemies":"3 Darklings","floor":41,"turns":8},{"damage":1,"enemies":"Maw","floor":45,"turns":8},{"damage":0,"enemies":"Sphere and 2 Shapes","floor":46,"turns":8},{"damage":0,"enemies":"4 Shapes","floor":48,"turns":7},{"damage":37,"enemies":"Awakened One","floor":50,"turns":15}],"event_choices":[{"event_name":"Golden Idol","player_choice":"Take Damage","floor":4,"damage_taken":0},{"event_name":"Dead Adventurer","player_choice":"Searched \u00272\u0027 times","floor":10,"damage_taken":0},{"event_name":"The Library","player_choice":"Read","floor":21,"damage_taken":0},{"event_name":"Back to Basics","player_choice":"Simplicity","floor":24,"damage_taken":0},{"event_name":"Forgotten Altar","player_choice":"Gave Idol","floor":29,"damage_taken":0},{"event_name":"Cursed Tome","player_choice":"Obtained Book","floor":30,"damage_taken":0}],"boss_relics":[{"not_picked":["Snecko Eye","Orrery"],"picked":"Cursed Key"},{"not_picked":["Velvet Choker","Lizard Tail"],"picked":"Astrolabe"}],"potions_floor_spawned":[2,3,5,10,12,16,22,25,33,39,48],"seed_played":"941128049536586723","ascension_level":0,"is_trial":false}