{"path_per_floor":["M","?","?","?","M","E","?","?","T","R","M","E","R","$","R","B",null,"M","M","?","$","M","E","R","?","T","$","T","$","R","E","R","B",null,"M","$","?","M","M","R","E","R","T","$","M","?","E","T","R","B"],"character_chosen":"THE_SILENT","items_purchased":["Paper Crane","Noxious Fumes","Backflip"],"gold_per_floor":[116,116,116,116,135,170,345,345,422,422,433,468,468,52,52,152,152,162,178,178,78,96,131,131,131,158,33,33,33,33,59,59,162,162,175,25,25,40,57,57,118,118,118,73,86,86,116,116,116,116],"floor_reached":51,"campfire_rested":4,"playtime":5592,"current_hp_per_floor":[66,54,54,40,40,15,15,38,38,38,38,19,19,19,40,36,70,70,68,68,68,49,8,8,8,8,8,8,8,44,35,35,15,70,66,66,66,54,48,70,63,63,63,63,58,48,48,48,84,24],"items_purged":["Doubt","Strike_G","Defend_G","Defend_G"],"gold":116,"play_id":"cd9a8b33-6d68-4d37-81c9-aaa3d0df06af","is_prod":false,"is_daily":false,"is_ascension_mode":true,"campfire_upgraded":5,"path_taken":["M","?","?","?","M","E","?","?","T","R","M","E","R","$","R","BOSS","M","M","?","?","?","E","R","?","T","$","?","$","R","E","R","BOSS","M","$","?","?","M","R","E","R","T","$","M","?","E","?","R","BOSS"],"build_version":"2018-01-25-PROD3","purchased_purges":4,"victory":true,"master_deck":["Defend_G","Defend_G","Strike_G","Survivor+1","Neutralize+1","Well Laid Plans","Skewer+1","Catalyst+1","Poisoned Stab+1","Backstab","Noxious Fumes","After Image+1","Backflip","Noxious Fumes","Dash+1","Storm of Steel","Acrobatics+1","Catalyst+1","Bouncing Flask+1","Backflip","Acrobatics+1","Madness","Madness","Backflip+1"],"max_hp_per_floor":[70,70,70,70,70,70,70,70,70,70,70,70,70,70,70,70,70,70,70,70,70,70,70,70,70,70,70,70,70,70,70,70,70,70,70,70,70,70,70,70,70,70,70,70,70,70,84,84,84,84],"relics":["Ring of the Snake","Ninja Scroll","Unceasing Top","Dodecahedron","Bottled Tornado","Paper Crane","Question Card","Bag of Marbles","Anchor","Regal Pillow","Mercury Hourglass","The Specimen","Tiny Chest","Gremlin Horn","Mango","Orichalcum"],"card_choices":[{"not_picked":["Prepared","Glass Knife"],"picked":"Well Laid Plans"},{"not_picked":["Masterful Stab","Dash"],"picked":"Catalyst"},{"not_picked":["Flying Knee","Prepared"],"picked":"Poisoned Stab"},{"not_picked":["Deadly Poison","Reflex"],"picked":"Backstab"},{"not_picked":["Night Terror","Wraith Form"],"picked":"After Image"},{"not_picked":["Masterful Stab","Sucker Punch","Deflect"],"picked":"Backflip"},{"not_picked":["Backflip","PiercingWail","Poisoned Stab"],"picked":"Noxious Fumes"},{"not_picked":["Endless Agony","Flechettes","Flying Knee"],"picked":"Dash"},{"not_picked":["Phantasmal Killer","Wraith Form","Tactician"],"picked":"Storm of Steel"},{"not_picked":["Outmaneuver","Bane","Deflect"],"picked":"Acrobatics"},{"not_picked":["Cloak And Dagger","Leg Sweep","Prepared"],"picked":"Catalyst"},{"not_picked":["Deflect","Dagger Spray","Flying Knee"],"picked":"Bouncing Flask"},{"not_picked":["Doppelganger","Dagger Throw","Dodge and Roll"],"picked":"Acrobatics"},{"not_picked":["Cloak And Dagger","Die Die Die","Dagger Spray"],"picked":"Backflip"}],"player_experience":97386,"potions_floor_usage":[31,31,31,41,41,41],"damage_taken":[{"damage":4,"enemies":"Cultist","floor":1,"turns":4},{"damage":0,"enemies":"2 Louse","floor":5,"turns":3},{"damage":25,"enemies":"Gremlin Nob","floor":6,"turns":5},{"damage":0,"enemies":"Small Slimes","floor":11,"turns":3},{"damage":19,"enemies":"3 Sentries","floor":12,"turns":7},{"damage":4,"enemies":"Hexaghost","floor":16,"turns":9},{"damage":0,"enemies":"Chosen","floor":18,"turns":4},{"damage":2,"enemies":"Spheric Guardian","floor":19,"turns":6},{"damage":19,"enemies":"3 Cultists","floor":22,"turns":7},{"damage":41,"enemies":"Gremlin Leader","floor":23,"turns":7},{"damage":9,"enemies":"Slavers","floor":31,"turns":5},{"damage":20,"enemies":"Automaton","floor":33,"turns":8},{"damage":4,"enemies":"3 Darklings","floor":35,"turns":5},{"damage":12,"enemies":"3 Shapes","floor":38,"turns":4},{"damage":6,"enemies":"Sphere and 2 Shapes","floor":39,"turns":5},{"damage":7,"enemies":"Nemesis","floor":41,"turns":7},{"damage":5,"enemies":"4 Shapes","floor":45,"turns":5},{"damage":14,"enemies":"Giant Head","floor":47,"turns":7},{"damage":60,"enemies":"Awakened One","floor":50,"turns":11}],"event_choices":[{"event_name":"Scrap Ooze","player_choice":"success","floor":2,"damage_taken":12},{"event_name":"Living Wall","player_choice":"Change","floor":3,"damage_taken":0},{"event_name":"Shining Light","player_choice":"Entered Light","floor":4,"damage_taken":0},{"event_name":"Liars Game","player_choice":"agreed","floor":7,"damage_taken":0},{"event_name":"Big Fish","player_choice":"Banana","floor":8,"damage_taken":0},{"event_name":"Drug Dealer","player_choice":"Ignored","floor":20,"damage_taken":0},{"event_name":"Purifier","player_choice":"One Purge","floor":25,"damage_taken":0},{"event_name":"Winding Halls","player_choice":"Embrace Madness","floor":46,"damage_taken":0}],"boss_relics":[{"not_picked":["Tiny House","Runic Pyramid"],"picked":"Question Card"},{"not_picked":["Astrolabe","Eternal Feather"],"picked":"The Specimen"}],"potions_floor_spawned":[5,11,16,18,19,23,35,38,39],"seed_played":"-2197811850805782129","ascension_level":1,"is_trial":false}