{"path_per_floor":["M","?","?","M","M","?","?","?","T","E","$","?","R","M","R","B",null,"M","M","?","$","M","R","?","R","T","M","$","?","M","M","R","B",null,"M","M","?","?","?","R","M","R","T","$","?","M","?","M","R"],"character_chosen":"THE_SILENT","items_purchased":["Deadly Poison","Ice Cream","Dash","Flying Knee"],"gold_per_floor":[149,149,149,164,185,285,235,335,403,437,40,40,40,59,59,179,179,202,215,215,96,114,114,114,114,137,152,52,52,62,74,74,178,178,191,210,0,0,0,0,12,12,12,12,12,27,27,46,46],"floor_reached":50,"campfire_rested":5,"playtime":4016,"current_hp_per_floor":[65,58,40,40,40,40,40,40,40,20,20,2,24,21,21,26,75,60,37,37,37,37,59,75,75,75,44,44,44,27,11,33,9,75,67,29,29,29,29,29,12,34,34,34,34,12,12,5,27],"items_purged":["Strike_G","Strike_G"],"gold":46,"play_id":"30546912-ec29-42e3-a891-614ddf54b815","is_prod":false,"is_daily":false,"is_ascension_mode":false,"campfire_upgraded":3,"path_taken":["M","?","?","M","M","?","?","?","T","E","$","?","R","M","R","BOSS","M","M","?","$","M","R","?","R","T","M","$","?","?","M","R","BOSS","M","M","?","?","?","R","M","R","T","$","?","?","?","M","R","BOSS"],"build_version":"2018-02-01-PROD3","purchased_purges":2,"victory":false,"master_deck":["Defend_G","Defend_G","Defend_G","Defend_G","Defend_G","Survivor","Neutralize","Noxious Fumes+1","Deflect","Infinite Blades","Deadly Poison+1","Envenom","Dagger Throw+1","Backstab+1","Dash","Noxious Fumes+1","Blur","After Image+1","Terror","Dodge and Roll+1","Dodge and Roll+1"],"max_hp_per_floor":[75,75,75,75,75,75,75,75,75,75,75,75,75,75,75,75,75,75,75,75,75,75,75,75,75,75,75,75,75,75,75,75,75,75,75,75,75,75,75,75,75,75,75,75,75,75,75,75,75],"relics":["Tiny House","Pantograph","Bottled Lightning","Ice Cream","Bronze Scales","Lizard Tail","Ancient Tea Set","Nloth\u0027s Gift","The Specimen","Red Mask","Shuriken"],"card_choices":[{"not_picked":["PiercingWail","Acrobatics"],"picked":"Noxious Fumes"},{"not_picked":["Bane","Envenom"],"picked":"Deflect"},{"not_picked":["Slice","Prepared"],"picked":"Infinite Blades"},{"not_picked":["Venomology","Corpse Explosion"],"picked":"Envenom"},{"not_picked":["Backflip","Dodge and Roll"],"picked":"Dagger Throw"},{"not_picked":["Choke","Masterful Stab"],"picked":"Backstab"},{"not_picked":["Dodge and Roll","Distraction"],"picked":"Noxious Fumes"},{"not_picked":["Flechettes","Poisoned Stab"],"picked":"Blur"},{"not_picked":["Venomology","Phantasmal Killer"],"picked":"After Image"},{"not_picked":["Quick Slash","Acrobatics"],"picked":"Terror"},{"not_picked":["Dagger Spray","Prepared"],"picked":"Dodge and Roll"},{"not_picked":["Riddle With Holes","A Thousand Cuts"],"picked":"Dodge and Roll"}],"player_experience":55626,"potions_floor_usage":[16,22,27,33,35,46,48,50],"damage_taken":[{"damage":10,"enemies":"Small Slimes","floor":1,"turns":4},{"damage":0,"enemies":"Jaw Worm","floor":4,"turns":5},{"damage":0,"enemies":"Cultist","floor":5,"turns":5},{"damage":20,"enemies":"Lagavulin","floor":10,"turns":11},{"damage":3,"enemies":"3 Louse","floor":14,"turns":3},{"damage":20,"enemies":"The Guardian","floor":16,"turns":10},{"damage":15,"enemies":"3 Byrds","floor":18,"turns":4},{"damage":23,"enemies":"Spheric Guardian","floor":19,"turns":7},{"damage":0,"enemies":"Snecko","floor":22,"turns":6},{"damage":31,"enemies":"Cultist and Chosen","floor":27,"turns":7},{"damage":17,"enemies":"Snake Plant","floor":30,"turns":4},{"damage":16,"enemies":"Centurion and Healer","floor":31,"turns":8},{"damage":92,"enemies":"Champ","floor":33,"turns":14},{"damage":8,"enemies":"3 Shapes","floor":35,"turns":5},{"damage":38,"enemies":"3 Darklings","floor":36,"turns":6},{"damage":17,"enemies":"Maw","floor":41,"turns":10},{"damage":22,"enemies":"Sphere and 2 Shapes","floor":46,"turns":8},{"damage":7,"enemies":"4 Shapes","floor":48,"turns":6},{"damage":62,"enemies":"Awakened One","floor":50,"turns":4}],"event_choices":[{"event_name":"Golden Wing","player_choice":"Card Removal","floor":2,"damage_taken":0},{"event_name":"Golden Idol","player_choice":"Take Damage","floor":3,"damage_taken":0},{"event_name":"Wheel of Change","player_choice":"Gold","floor":6,"damage_taken":0},{"event_name":"The Cleric","player_choice":"Card Removal","floor":7,"damage_taken":0},{"event_name":"Golden Shrine","player_choice":"Pray","floor":8,"damage_taken":0},{"event_name":"Scrap Ooze","player_choice":"success","floor":12,"damage_taken":18},{"event_name":"Cursed Tome","player_choice":"Ignored","floor":20,"damage_taken":0},{"event_name":"The Library","player_choice":"Heal","floor":24,"damage_taken":0},{"event_name":"N\u0027loth","player_choice":"Traded a Golden Idol","floor":29,"damage_taken":0},{"event_name":"Tomb of Lord Red Mask","player_choice":"Paid","floor":37,"damage_taken":0},{"event_name":"Upgrade Shrine","player_choice":"Upgraded","floor":39,"damage_taken":0},{"event_name":"Bonfire Elementals","player_choice":"BASIC","floor":45,"damage_taken":0},{"event_name":"Mysterious Sphere","player_choice":"Ignore","floor":47,"damage_taken":0}],"boss_relics":[{"not_picked":["Calling Bell","Philosopher\u0027s Stone"],"picked":"Lizard Tail"},{"not_picked":["Eternal Feather","Black Star"],"picked":"The Specimen"}],"potions_floor_spawned":[4,5,19,33,41,46,48],"seed_played":"823969744024146348","killed_by":"Awakened One","ascension_level":0,"is_trial":false}