{"path_per_floor":["M","M","?","M","M","R","M","E","T","R","?","M","M","M","R","B",null,"M","?","?","$","?","R","E","R","T"],"character_chosen":"THE_SILENT","items_purchased":[],"gold_per_floor":[109,120,120,131,144,144,160,193,193,193,193,211,222,237,237,334,334,348,348,398,323,323,323,355,355,407],"floor_reached":27,"campfire_rested":2,"playtime":1111,"current_hp_per_floor":[70,66,66,65,65,65,62,41,41,41,41,41,40,40,61,21,70,69,69,69,69,69,69,9,30,30],"items_purged":["Strike_G"],"gold":317,"score":268,"play_id":"38f25477-7621-4bd1-91f2-e08893d587b2","is_prod":false,"is_daily":false,"is_ascension_mode":true,"campfire_upgraded":2,"path_taken":["M","?","?","?","M","R","M","E","T","R","?","?","M","M","R","BOSS","M","?","?","$","?","R","E","R","T","M"],"build_version":"2018-02-15-PROD1","purchased_purges":1,"victory":false,"master_deck":["Defend_G","Defend_G","Defend_G","Defend_G","Defend_G","Strike_G","Strike_G","Strike_G","Survivor","Neutralize","Outmaneuver","Dagger Throw","Sucker Punch","Dodge and Roll+1","Flying Knee","Backflip","Dagger Spray+1","Bullet Time","Catalyst","Escape Plan"],"max_hp_per_floor":[70,70,70,70,70,70,70,70,70,70,70,70,70,70,70,70,70,70,70,70,70,70,70,70,70,70],"relics":["Ring of the Snake","Shovel","Torii","Bronze Scales","Orichalcum","The Specimen","Ice Cream","Prayer Wheel"],"card_choices":[{"not_picked":["Prepared","PiercingWail"],"picked":"Outmaneuver"},{"not_picked":["Well Laid Plans","Eviscerate"],"picked":"Dagger Throw"},{"not_picked":["All Out Attack","Bane"],"picked":"Sucker Punch"},{"not_picked":["Flying Knee","Poisoned Stab"],"picked":"Dodge and Roll"},{"not_picked":["Blade Dance","Outmaneuver"],"picked":"Flying Knee"},{"not_picked":["Tactician","Deflect"],"picked":"Backflip"},{"not_picked":["Bane","Deadly Poison"],"picked":"Dagger Spray"},{"not_picked":["Wraith Form","After Image"],"picked":"Bullet Time"},{"not_picked":["Underhanded Strike","Poisoned Stab"],"picked":"Catalyst"},{"not_picked":["Deadly Poison","A Thousand Cuts"],"picked":"Escape Plan"}],"player_experience":237868,"potions_floor_usage":[8,18,24],"damage_taken":[{"damage":0,"enemies":"Cultist","floor":1,"turns":4},{"damage":4,"enemies":"Small Slimes","floor":2,"turns":5},{"damage":1,"enemies":"Jaw Worm","floor":4,"turns":5},{"damage":0,"enemies":"Looter","floor":5,"turns":4},{"damage":3,"enemies":"Red Slaver","floor":7,"turns":5},{"damage":21,"enemies":"Lagavulin","floor":8,"turns":9},{"damage":0,"enemies":"Blue Slaver","floor":12,"turns":4},{"damage":1,"enemies":"Exordium Wildlife","floor":13,"turns":5},{"damage":0,"enemies":"Gremlin Gang","floor":14,"turns":3},{"damage":40,"enemies":"Hexaghost","floor":16,"turns":16},{"damage":1,"enemies":"Chosen","floor":18,"turns":6},{"damage":60,"enemies":"Slavers","floor":24,"turns":7},{"damage":33,"enemies":"2 Thieves","floor":27,"turns":3}],"event_choices":[{"event_name":"Golden Idol","player_choice":"Ignored","floor":3,"damage_taken":0},{"event_name":"Dead Adventurer","player_choice":"Searched \u00271\u0027 times","floor":11,"damage_taken":0},{"event_name":"The Woman in Blue","player_choice":"Bought 0 Potions","floor":19,"damage_taken":0},{"event_name":"The Joust","player_choice":"Bet on Murderer","floor":20,"damage_taken":0},{"event_name":"The Mausoleum","player_choice":"No","floor":22,"damage_taken":0}],"boss_relics":[{"not_picked":["Calling Bell","Ectoplasm"],"picked":"The Specimen"}],"potions_floor_spawned":[4,8,13,14,16],"seed_played":"-5403317439637720536","killed_by":"2 Thieves","ascension_level":3,"is_trial":false}