{"path_per_floor":["M","?","?","?","M","R","T","M","T","M","R","M","$","?","R","B",null,"M","T","M","M","$","R","$","E","T","?","R","M","R","M","R"],"character_chosen":"THE_SILENT","items_purchased":["Toxic Egg 2","Deflect","Adrenaline","Finesse"],"gold_per_floor":[117,117,292,392,404,404,453,467,497,509,509,526,3,78,78,176,176,195,195,210,230,130,130,24,53,53,53,53,69,69,79,79],"floor_reached":33,"campfire_rested":1,"playtime":1626,"current_hp_per_floor":[57,43,43,43,42,42,42,40,40,23,44,42,42,31,31,31,60,60,60,53,49,49,49,49,49,49,37,37,27,27,21,21],"items_purged":["Doubt","Parasite"],"gold":79,"score":512,"play_id":"7206546d-e610-4b83-afe8-8a4bee6d65c2","is_prod":false,"is_daily":false,"is_ascension_mode":true,"campfire_upgraded":3,"path_taken":["M","?","?","?","?","R","?","M","T","M","R","M","$","?","R","BOSS","M","?","M","M","$","R","?","E","T","?","R","M","R","M","R","BOSS"],"build_version":"2018-02-08-PROD1","purchased_purges":2,"victory":false,"master_deck":["Defend_G","Defend_G","Defend_G","Defend_G","Strike_G","Strike_G","Strike_G","Survivor+1","Neutralize+1","After Image+1","Expertise+1","Slice","Bouncing Flask+1","Deflect+1","Adrenaline+1","Die Die Die","Heel Hook","Prepared+1","Heel Hook","Finesse+1","Poisoned Stab+1","Prepared+1","Backflip+1"],"max_hp_per_floor":[70,70,70,70,70,70,70,70,70,70,70,70,70,70,70,70,70,70,70,70,70,67,67,67,67,67,72,72,72,72,72,72],"relics":["Ring of the Snake","Lantern","Tiny Chest","Toxic Egg 2","Philosopher\u0027s Stone","Calipers","Toolbox","Peace Pipe"],"card_choices":[{"not_picked":["Deadly Poison","Poisoned Stab"],"picked":"After Image"},{"not_picked":["PiercingWail","Endless Agony"],"picked":"Expertise"},{"not_picked":["Bane","Cloak And Dagger"],"picked":"Slice"},{"not_picked":["Deadly Poison","Outmaneuver"],"picked":"Bouncing Flask"},{"not_picked":["Wraith Form","Tactician"],"picked":"Die Die Die"},{"not_picked":["Bane","Backstab"],"picked":"Heel Hook"},{"not_picked":["Poisoned Stab","Flechettes"],"picked":"Prepared"},{"not_picked":["Bane","Infinite Blades"],"picked":"Heel Hook"},{"not_picked":["Tools of the Trade","Deadly Poison"],"picked":"Poisoned Stab"},{"not_picked":["Backflip","Eviscerate"],"picked":"Prepared"},{"not_picked":["Dodge and Roll","Dagger Throw"],"picked":"Backflip"}],"player_experience":331363,"potions_floor_usage":[10,21,25,25],"damage_taken":[{"damage":6,"enemies":"Small Slimes","floor":1,"turns":5},{"damage":1,"enemies":"Jaw Worm","floor":5,"turns":6},{"damage":2,"enemies":"2 Louse","floor":8,"turns":5},{"damage":17,"enemies":"Large Slime","floor":10,"turns":9},{"damage":2,"enemies":"2 Fungi Beasts","floor":12,"turns":5},{"damage":0,"enemies":"The Guardian","floor":16,"turns":9},{"damage":0,"enemies":"Chosen","floor":18,"turns":5},{"damage":7,"enemies":"Shell Parasite","floor":20,"turns":5},{"damage":10,"enemies":"Snake Plant","floor":21,"turns":4},{"damage":0,"enemies":"Slavers","floor":25,"turns":5},{"damage":10,"enemies":"Chosen and Byrds","floor":29,"turns":5},{"damage":6,"enemies":"Snecko","floor":31,"turns":5},{"damage":21,"enemies":"Collector","floor":33,"turns":3}],"event_choices":[{"event_name":"Shining Light","player_choice":"Entered Light","floor":2,"damage_taken":0},{"event_name":"Liars Game","player_choice":"agreed","floor":3,"damage_taken":0},{"event_name":"Wheel of Change","player_choice":"Gold","floor":4,"damage_taken":0},{"event_name":"World of Goop","player_choice":"Gather Gold","floor":14,"damage_taken":0},{"event_name":"Forgotten Altar","player_choice":"Shed Blood","floor":27,"damage_taken":0}],"boss_relics":[{"not_picked":["Snecko Eye","Question Card"],"picked":"Philosopher\u0027s Stone"}],"potions_floor_spawned":[5,18,20,21,29],"seed_played":"-5076637802260113326","killed_by":"Collector","ascension_level":11,"is_trial":false}