{"path_per_floor":["M","M","?","?","M","R","M","R","T","M","M","M","?","M","R"],"character_chosen":"THE_SILENT","items_purchased":[],"gold_per_floor":[115,129,129,129,139,139,156,156,181,196,213,233,308,326,326],"floor_reached":16,"campfire_rested":1,"playtime":602,"current_hp_per_floor":[70,66,52,49,49,49,48,48,48,50,52,53,42,36,57],"items_purged":[],"gold":326,"score":110,"play_id":"43311172-3e66-4f18-9876-2d25ea2dadbe","is_prod":false,"is_daily":false,"is_ascension_mode":true,"campfire_upgraded":2,"path_taken":["M","M","?","?","M","R","M","R","T","M","M","?","?","M","R","BOSS"],"build_version":"2018-02-15-PROD1","purchased_purges":0,"victory":false,"master_deck":["Defend_G","Defend_G","Defend_G","Defend_G","Defend_G","Strike_G","Strike_G","Strike_G","Strike_G","Strike_G+1","Survivor+1","Neutralize","Dagger Spray+1","Dodge and Roll","Sucker Punch+1","Dagger Throw","Escape Plan","Backflip"],"max_hp_per_floor":[70,70,70,70,70,70,70,70,70,70,70,70,70,70,70],"relics":["Ring of the Snake","Omamori","Bag of Marbles","Blood Vial"],"card_choices":[{"not_picked":["Finisher","Sucker Punch"],"picked":"Dagger Spray"},{"not_picked":["Tools of the Trade","Calculated Gamble"],"picked":"Dodge and Roll"},{"not_picked":["Underhanded Strike","Masterful Stab"],"picked":"Sucker Punch"},{"not_picked":["Poisoned Stab","Predator"],"picked":"Dagger Throw"},{"not_picked":["Quick Slash","Calculated Gamble"],"picked":"Escape Plan"},{"not_picked":["Calculated Gamble","Flying Knee"],"picked":"Backflip"}],"player_experience":240233,"potions_floor_usage":[2,14,16],"damage_taken":[{"damage":0,"enemies":"Small Slimes","floor":1,"turns":3},{"damage":4,"enemies":"Jaw Worm","floor":2,"turns":6},{"damage":0,"enemies":"Cultist","floor":5,"turns":3},{"damage":1,"enemies":"2 Fungi Beasts","floor":7,"turns":4},{"damage":0,"enemies":"Looter","floor":10,"turns":4},{"damage":0,"enemies":"Gremlin Gang","floor":11,"turns":1},{"damage":1,"enemies":"2 Fungi Beasts","floor":12,"turns":3},{"damage":8,"enemies":"Large Slime","floor":14,"turns":7},{"damage":65,"enemies":"Hexaghost","floor":16,"turns":16}],"event_choices":[{"event_name":"Shining Light","player_choice":"Entered Light","floor":3,"damage_taken":0},{"event_name":"Scrap Ooze","player_choice":"success","floor":4,"damage_taken":3},{"event_name":"World of Goop","player_choice":"Gather Gold","floor":13,"damage_taken":0}],"boss_relics":[],"potions_floor_spawned":[1,10,11,14],"seed_played":"-2056237545171046941","killed_by":"Hexaghost","ascension_level":3,"is_trial":false}