{"path_per_floor":["M","M","M","M","M","R","M","R","T","M","?","R","M","$","R","B",null,"M","?","$","M","M","R","E","R","T","?","M","M","R","M","R","B",null,"M","?","M","M","$","R","E","R","T","?","M","E","M","M","R"],"character_chosen":"THE_SILENT","items_purchased":["Flash of Steel","Well Laid Plans","Burst"],"gold_per_floor":[110,130,145,161,179,179,198,198,225,237,237,237,247,75,75,175,175,185,185,11,22,32,32,65,65,65,65,83,102,102,118,118,223,223,233,280,296,312,34,34,61,61,140,140,158,191,204,221,221],"floor_reached":50,"campfire_rested":5,"playtime":3690,"current_hp_per_floor":[70,70,63,63,63,63,63,63,63,62,62,62,62,62,62,62,70,70,54,54,48,48,69,69,69,69,69,69,59,59,52,70,63,70,70,54,54,24,24,45,41,62,62,62,62,62,26,26,47],"items_purged":["Strike_G","Poisoned Stab","Doubt"],"gold":221,"score":713,"play_id":"e1536c2a-d6ee-48ae-be80-ce86668e688b","is_prod":false,"is_daily":false,"is_ascension_mode":true,"campfire_upgraded":6,"path_taken":["M","?","M","M","M","R","M","R","T","M","?","R","M","$","R","BOSS","M","?","$","M","M","R","E","R","T","?","M","M","R","?","R","BOSS","M","?","M","M","$","R","E","R","T","?","M","E","?","M","R","BOSS"],"build_version":"2018-02-22-PROD2","purchased_purges":5,"victory":false,"master_deck":["Survivor","Neutralize+1","Heel Hook","Dagger Spray","Leg Sweep+1","Blur+1","Backflip","After Image+1","Backflip","Heel Hook","Flash of Steel+1","Wraith Form","Slice","Quick Slash","Noxious Fumes+1","Endless Agony","Dagger Throw","Deflect","Dagger Spray","Distraction","Cloak And Dagger","Well Laid Plans","PiercingWail","Acrobatics","Dash+1","Phantasmal Killer","Acrobatics+1","Outmaneuver+1","Burst","Writhe","Noxious Fumes","Blade Dance+1"],"max_hp_per_floor":[70,70,70,70,70,70,70,70,70,70,70,70,70,70,70,70,70,70,70,70,70,70,70,70,70,70,70,70,70,70,70,70,70,70,70,70,70,70,70,70,70,70,70,70,70,70,70,70,70],"relics":["Cursed Key","Snake Skull","Spirit Poop","Pandora\u0027s Box","Enchiridion","Ancient Tea Set","Toolbox","The Specimen","Dead Branch","Letter Opener","Bottled Tornado","Unceasing Top"],"card_choices":[{"not_picked":["Deflect","Slice"],"picked":"Heel Hook"},{"not_picked":["Blade Dance","Reflex"],"picked":"Dagger Spray"},{"not_picked":["Poisoned Stab","Sucker Punch"],"picked":"Leg Sweep"},{"not_picked":["Dagger Throw","Caltrops"],"picked":"Blur"},{"not_picked":["Outmaneuver","Dagger Throw"],"picked":"Backflip"},{"not_picked":["Slice","Malaise"],"picked":"After Image"},{"not_picked":["Sucker Punch","Choke"],"picked":"Backflip"},{"not_picked":["Accuracy","Outmaneuver"],"picked":"Heel Hook"},{"not_picked":["A Thousand Cuts","Glass Knife"],"picked":"Wraith Form"},{"not_picked":["Accuracy","Quick Slash"],"picked":"Cloak And Dagger"},{"not_picked":["Sucker Punch","Flying Knee"],"picked":"PiercingWail"},{"not_picked":["Slice","Reflex"],"picked":"Acrobatics"},{"not_picked":["Dagger Throw","Flying Knee"],"picked":"Dash"},{"not_picked":["Unload","Storm of Steel"],"picked":"Phantasmal Killer"},{"not_picked":["Deadly Poison","Eviscerate"],"picked":"Acrobatics"},{"not_picked":["Predator","Quick Slash"],"picked":"Outmaneuver"},{"not_picked":["Concentrate","Flying Knee"],"picked":"Noxious Fumes"},{"not_picked":["Deflect","Sucker Punch"],"picked":"Blade Dance"}],"player_experience":263890,"potions_floor_usage":[35,36,50,50,50],"damage_taken":[{"damage":0.0,"enemies":"Cultist","floor":1.0,"turns":4.0},{"damage":0.0,"enemies":"Jaw Worm","floor":2.0,"turns":3.0},{"damage":7.0,"enemies":"Small Slimes","floor":3.0,"turns":4.0},{"damage":0.0,"enemies":"Looter","floor":4.0,"turns":4.0},{"damage":0.0,"enemies":"2 Fungi Beasts","floor":5.0,"turns":4.0},{"damage":0.0,"enemies":"Lots of Slimes","floor":7.0,"turns":2.0},{"damage":1.0,"enemies":"Exordium Wildlife","floor":10.0,"turns":4.0},{"damage":0.0,"enemies":"Blue Slaver","floor":13.0,"turns":6.0},{"damage":0.0,"enemies":"The Guardian","floor":16.0,"turns":18.0},{"damage":0.0,"enemies":"3 Byrds","floor":18.0,"turns":4.0},{"damage":6.0,"enemies":"Spheric Guardian","floor":21.0,"turns":4.0},{"damage":0.0,"enemies":"Snecko","floor":22.0,"turns":5.0},{"damage":0.0,"enemies":"Gremlin Leader","floor":24.0,"turns":7.0},{"damage":0,"enemies":"Centurion and Healer","floor":28,"turns":6},{"damage":10,"enemies":"Chosen and Byrds","floor":29,"turns":7},{"damage":7,"enemies":"Snake Plant","floor":31,"turns":5},{"damage":7,"enemies":"Champ","floor":33,"turns":9},{"damage":0,"enemies":"3 Darklings","floor":35,"turns":6},{"damage":16,"enemies":"Mysterious Sphere","floor":36,"turns":7},{"damage":0,"enemies":"Orb Walker","floor":37,"turns":4},{"damage":30,"enemies":"Sphere and 2 Shapes","floor":38,"turns":7},{"damage":4,"enemies":"Giant Head","floor":41,"turns":8},{"damage":0,"enemies":"Maw","floor":45,"turns":5},{"damage":0,"enemies":"Nemesis","floor":46,"turns":7},{"damage":36,"enemies":"4 Shapes","floor":47,"turns":4},{"damage":0,"enemies":"3 Darklings","floor":48,"turns":3},{"damage":63,"enemies":"Awakened One","floor":50,"turns":12}],"event_choices":[{"event_name":"Bonfire Elementals","player_choice":"CURSE","floor":11.0,"damage_taken":0.0},{"event_name":"Cursed Tome","player_choice":"Obtained Book","floor":19.0,"damage_taken":0.0},{"event_name":"Addict","player_choice":"Ignored","floor":27,"damage_taken":0},{"event_name":"Mysterious Sphere","player_choice":"Fight","floor":36,"damage_taken":0},{"event_name":"Upgrade Shrine","player_choice":"Upgraded","floor":44,"damage_taken":0}],"boss_relics":[{"not_picked":["White Beast Statue","Tiny House"],"picked":"The Specimen"}],"potions_floor_spawned":[1,5,13,16,18,24,28,31,35,38,45,46,48],"seed_played":"76796598732417283","killed_by":"Awakened One","ascension_level":4,"is_trial":false}