{"path_per_floor":["M","?","M","T","M","R","M","R","T","?","$","M","M","$","R","B",null,"M","?","?","T","M","M","R","M","T","M","?","?","R","$","R","B",null,"M","?","?","$","?","R","M","R","T","R","?","?","M","?","R","B"],"character_chosen":"THE_SILENT","items_purchased":["Matryoshka","Strawberry","Slice","Accuracy","Prepared","Finesse"],"gold_per_floor":[366,366,379,379,392,392,406,406,454,529,49,69,83,29,29,128,128,144,144,59,59,79,92,92,107,153,165,165,165,165,49,49,150,180,199,199,199,10,10,10,24,24,51,51,51,99,111,111,111,111],"floor_reached":51,"campfire_rested":4,"playtime":3339,"current_hp_per_floor":[56,43,43,43,43,43,36,54,54,43,50,50,50,50,70,55,70,48,48,48,48,48,46,67,65,65,65,65,65,65,65,65,57,75,65,65,56,56,56,75,69,69,69,69,69,69,75,75,75,52],"items_purged":["Strike_G","Predator"],"gold":111,"score":508,"play_id":"245c57a3-6a3e-49d3-9483-26681419470b","is_prod":false,"is_daily":false,"is_ascension_mode":false,"campfire_upgraded":6,"path_taken":["M","?","?","?","M","R","M","R","T","?","$","M","M","$","R","BOSS","M","?","?","?","M","M","R","M","T","M","?","?","R","$","R","BOSS","M","?","?","$","?","R","M","R","T","R","?","?","M","?","R","BOSS"],"build_version":"2018-02-22-PROD2","purchased_purges":2,"victory":true,"master_deck":["Survivor","Neutralize+1","Dagger Throw","Quick Slash+1","Blade Dance+1","Slice","Envenom+1","Finisher+1","Quick Slash","Quick Slash","Cloak And Dagger","Blur+1","Acrobatics","Well Laid Plans","Flying Knee","Blade Dance","Acrobatics+1","Calculated Gamble+1","Prepared+1","Escape Plan+1","Escape Plan","Accuracy+1","Prepared+1","A Thousand Cuts+1","Calculated Gamble+1","Cloak And Dagger+1","Madness","Madness","Finesse","Backflip+1","Prepared","Outmaneuver+1"],"max_hp_per_floor":[63,63,63,63,63,63,63,63,63,63,70,70,70,70,70,70,70,70,70,70,70,70,70,70,70,70,70,70,70,70,70,70,70,75,75,75,75,75,75,75,75,75,75,75,75,75,75,75,75,75],"relics":["Ring of the Snake","Tough Bandages","Art of War","Matryoshka","Strawberry","Pandora\u0027s Box","Gremlin Horn","Kunai","Lantern","War Paint","Mummified Hand","Omamori","Vajra","Tiny House","Juzu Bracelet","Bird Faced Urn"],"card_choices":[{"not_picked":["Prepared","Heel Hook"],"picked":"Dagger Throw"},{"not_picked":["Deadly Poison","Die Die Die"],"picked":"Quick Slash"},{"not_picked":["Deflect","Finisher"],"picked":"Slice"},{"not_picked":["PiercingWail","Riddle With Holes"],"picked":"Blade Dance"},{"not_picked":["Cloak And Dagger","Heel Hook"],"picked":"Predator"},{"not_picked":["Tools of the Trade","Unload"],"picked":"Envenom"},{"not_picked":["Deflect","Blade Dance"],"picked":"Acrobatics"},{"not_picked":["Expertise","Dagger Spray"],"picked":"Calculated Gamble"},{"not_picked":["Deflect","Riddle With Holes"],"picked":"Prepared"},{"not_picked":["Quick Slash","Infinite Blades"],"picked":"Escape Plan"},{"not_picked":["Doppelganger","Die Die Die"],"picked":"A Thousand Cuts"},{"not_picked":["Underhanded Strike","Bane"],"picked":"Calculated Gamble"},{"not_picked":["PiercingWail","Bane"],"picked":"Cloak And Dagger"},{"not_picked":["Expertise","Endless Agony"],"picked":"Backflip"},{"not_picked":["Poisoned Stab","Malaise"],"picked":"Prepared"},{"not_picked":["Backflip","PiercingWail"],"picked":"Outmaneuver"}],"player_experience":73046,"potions_floor_usage":[16,18,25,33,33,46,50],"damage_taken":[{"damage":7,"enemies":"Jaw Worm","floor":1,"turns":7},{"damage":0,"enemies":"2 Louse","floor":3,"turns":2},{"damage":0,"enemies":"Cultist","floor":5,"turns":3},{"damage":7,"enemies":"Exordium Thugs","floor":7,"turns":5},{"damage":0,"enemies":"Looter","floor":12,"turns":3},{"damage":0,"enemies":"3 Louse","floor":13,"turns":3},{"damage":15,"enemies":"Slime Boss","floor":16,"turns":12},{"damage":22,"enemies":"2 Thieves","floor":18,"turns":4},{"damage":0,"enemies":"Chosen","floor":22,"turns":3},{"damage":2,"enemies":"Sentry and Sphere","floor":23,"turns":5},{"damage":2,"enemies":"Centurion and Healer","floor":25,"turns":3},{"damage":0,"enemies":"Chosen and Byrds","floor":27,"turns":4},{"damage":8,"enemies":"Collector","floor":33,"turns":9},{"damage":10,"enemies":"3 Shapes","floor":35,"turns":3},{"damage":6,"enemies":"3 Darklings","floor":41,"turns":4},{"damage":0,"enemies":"Mysterious Sphere","floor":46,"turns":3},{"damage":0,"enemies":"Maw","floor":47,"turns":6},{"damage":23,"enemies":"Donu and Deca","floor":50,"turns":9}],"event_choices":[{"event_name":"Shining Light","player_choice":"Entered Light","floor":2,"damage_taken":0},{"event_name":"World of Goop","player_choice":"Gather Gold","floor":10,"damage_taken":0},{"event_name":"The Mausoleum","player_choice":"Yes","floor":19,"damage_taken":0},{"event_name":"Addict","player_choice":"Obtained Relic","floor":20,"damage_taken":0},{"event_name":"Accursed Blacksmith","player_choice":"Rummage","floor":28,"damage_taken":0},{"event_name":"The Library","player_choice":"Read","floor":29,"damage_taken":0},{"event_name":"Tomb of Lord Red Mask","player_choice":"Ignored","floor":36,"damage_taken":0},{"event_name":"Winding Halls","player_choice":"Embrace Madness","floor":37,"damage_taken":0},{"event_name":"Wheel of Change","player_choice":"Curse","floor":45,"damage_taken":0},{"event_name":"Mysterious Sphere","player_choice":"Fight","floor":46,"damage_taken":0},{"event_name":"Upgrade Shrine","player_choice":"Upgraded","floor":48,"damage_taken":0}],"boss_relics":[{"not_picked":["Cursed Key","Question Card"],"picked":"Pandora\u0027s Box"},{"not_picked":["Runic Pyramid","Eternal Feather"],"picked":"Tiny House"}],"potions_floor_spawned":[3,5,12,16,18,23,47],"seed_played":"4655158618797311363","ascension_level":0,"is_trial":false}