{"path_per_floor":["M","?","M","$","M","R","E","R","T","M","M","M","?","M","R"],"character_chosen":"THE_SILENT","items_purchased":["Acrobatics","Blind"],"gold_per_floor":[219,219,234,18,38,38,77,77,77,91,112,135,135,151,151],"floor_reached":16,"campfire_rested":2,"playtime":975,"current_hp_per_floor":[64,64,61,61,58,58,12,33,33,28,18,18,18,10,31],"items_purged":["Injury"],"gold":151,"score":125,"play_id":"e6c71de9-b0fa-4cd1-923e-83f2fcb3da17","is_prod":false,"is_daily":false,"is_ascension_mode":true,"campfire_upgraded":1,"path_taken":["M","?","M","$","M","R","E","R","T","M","M","M","?","M","R","BOSS"],"build_version":"2018-02-15-PROD1","purchased_purges":1,"victory":false,"master_deck":["Defend_G","Defend_G","Defend_G","Defend_G","Defend_G","Strike_G","Strike_G","Strike_G","Strike_G","Strike_G","Survivor","Neutralize","Outmaneuver+1","After Image","Acrobatics","Blind","Backflip","Flying Knee","Heel Hook","Calculated Gamble+1","Flying Knee","Blind+1","Dodge and Roll+1","All Out Attack"],"max_hp_per_floor":[70,70,70,70,70,70,70,70,70,70,70,70,70,70,70],"relics":["Ring of the Snake","Golden Idol","Lantern","Toxic Egg 2"],"card_choices":[{"not_picked":["Dagger Spray","Flechettes"],"picked":"Outmaneuver"},{"not_picked":["Flechettes","Prepared"],"picked":"After Image"},{"not_picked":["Dagger Spray","Well Laid Plans"],"picked":"Backflip"},{"not_picked":["Blade Dance","Quick Slash"],"picked":"Flying Knee"},{"not_picked":["Quick Slash","PiercingWail"],"picked":"Heel Hook"},{"not_picked":["Cloak And Dagger","Deadly Poison"],"picked":"Calculated Gamble"},{"not_picked":["Blade Dance","Sucker Punch"],"picked":"Flying Knee"},{"not_picked":["Setup","Deflect"],"picked":"All Out Attack"}],"player_experience":255917,"potions_floor_usage":[12,12],"damage_taken":[{"damage":6,"enemies":"Jaw Worm","floor":1,"turns":8},{"damage":3,"enemies":"2 Louse","floor":3,"turns":4},{"damage":3,"enemies":"Small Slimes","floor":5,"turns":7},{"damage":46,"enemies":"Lagavulin","floor":7,"turns":18},{"damage":5,"enemies":"3 Louse","floor":10,"turns":5},{"damage":10,"enemies":"Lots of Slimes","floor":11,"turns":7},{"damage":0,"enemies":"Exordium Thugs","floor":12,"turns":7},{"damage":8,"enemies":"Exordium Wildlife","floor":14,"turns":8},{"damage":35,"enemies":"Slime Boss","floor":16,"turns":6}],"event_choices":[{"event_name":"Golden Idol","player_choice":"Take Wound","floor":2,"damage_taken":0},{"event_name":"Match and Keep!","player_choice":"2 cards matched","floor":13,"damage_taken":0}],"boss_relics":[],"potions_floor_spawned":[3,11],"seed_played":"-978362253590264168","killed_by":"Slime Boss","ascension_level":4,"is_trial":false}