{"path_per_floor":["M","M","?","?","M","R","E","R","T","R","M","M","M","M","R","B",null,"M","?","M","M","$","R","M"],"character_chosen":"THE_SILENT","items_purchased":["Paper Crane"],"gold_per_floor":[110,121,221,171,183,183,210,210,210,210,220,233,247,261,261,362,362,375,375,389,405,88,88,108],"floor_reached":25,"campfire_rested":2,"playtime":1023,"current_hp_per_floor":[61,61,61,61,61,61,37,58,58,58,58,58,58,46,46,12,56,46,46,32,25,25,52,39],"items_purged":["Strike_G"],"gold":108,"score":259,"play_id":"b5c6eea5-3a7b-4485-8121-ec28b02b086f","is_prod":false,"is_daily":false,"is_ascension_mode":true,"campfire_upgraded":3,"path_taken":["M","M","?","?","M","R","E","R","T","R","M","M","M","M","R","BOSS","M","?","?","M","$","R","M","E"],"build_version":"2018-02-15-PROD1","purchased_purges":1,"victory":false,"master_deck":["Defend_G","Defend_G","Defend_G","Defend_G","Defend_G","Strike_G","Strike_G","Strike_G","Survivor","Neutralize+1","Accuracy","Flying Knee+1","Glass Knife+1","Leg Sweep","Dagger Spray","Burst","Backflip","Poisoned Stab","Finesse"],"max_hp_per_floor":[70,70,70,70,70,70,70,70,70,70,70,70,70,70,70,70,70,70,70,70,70,70,70,70],"relics":["Ring of the Snake","Vajra","Omamori","Pen Nib","Eternal Feather","Paper Crane"],"card_choices":[{"not_picked":["Noxious Fumes","Underhanded Strike"],"picked":"Accuracy"},{"not_picked":["Deadly Poison","Deflect"],"picked":"Flying Knee"},{"not_picked":["Slice","Poisoned Stab"],"picked":"Glass Knife"},{"not_picked":["Accuracy","Slice"],"picked":"Leg Sweep"},{"not_picked":["Dagger Throw","Distraction"],"picked":"Dagger Spray"},{"not_picked":["A Thousand Cuts","Doppelganger"],"picked":"Burst"},{"not_picked":["Bane","Dagger Throw"],"picked":"Backflip"}],"player_experience":289132,"potions_floor_usage":[14,21,25,25],"damage_taken":[{"damage":9,"enemies":"Small Slimes","floor":1,"turns":3},{"damage":0,"enemies":"Cultist","floor":2,"turns":5},{"damage":0,"enemies":"2 Louse","floor":5,"turns":4},{"damage":24,"enemies":"Gremlin Nob","floor":7,"turns":5},{"damage":0,"enemies":"2 Fungi Beasts","floor":11,"turns":4},{"damage":0,"enemies":"3 Louse","floor":12,"turns":2},{"damage":0,"enemies":"Blue Slaver","floor":13,"turns":5},{"damage":12,"enemies":"Gremlin Gang","floor":14,"turns":3},{"damage":34,"enemies":"Hexaghost","floor":16,"turns":13},{"damage":10,"enemies":"Shell Parasite","floor":18,"turns":7},{"damage":14,"enemies":"2 Thieves","floor":20,"turns":4},{"damage":7,"enemies":"Snecko","floor":21,"turns":5},{"damage":13,"enemies":"Snake Plant","floor":24,"turns":7},{"damage":40,"enemies":"Book of Stabbing","floor":25,"turns":7}],"event_choices":[{"event_name":"Golden Shrine","player_choice":"Pray","floor":3,"damage_taken":0},{"event_name":"The Cleric","player_choice":"Card Removal","floor":4,"damage_taken":0},{"event_name":"Match and Keep!","player_choice":"2 cards matched","floor":19,"damage_taken":0}],"boss_relics":[{"not_picked":["The Specimen","White Beast Statue"],"picked":"Eternal Feather"}],"potions_floor_spawned":[1,2,12,13,16,18],"seed_played":"-5764843609353948075","killed_by":"Book of Stabbing","ascension_level":5,"is_trial":false}