{"path_per_floor":["M","?","$","?","M","R","M","R","T","E","$","M","M","M","R","B",null,"M","?","?","?","M","R"],"character_chosen":"THE_SILENT","items_purchased":["Flying Knee","Deadly Poison","Blade Dance"],"gold_per_floor":[114,114,7,7,27,27,43,43,43,72,38,50,64,76,76,180,180,192,92,92,92,112,112],"floor_reached":24,"campfire_rested":2,"playtime":1519,"current_hp_per_floor":[70,70,70,70,70,70,67,67,67,39,39,26,9,9,30,5,70,43,43,30,30,11,33],"items_purged":[],"gold":112,"score":196,"play_id":"31e8a876-de74-4919-9904-bbc0e114233f","is_prod":false,"is_daily":false,"is_ascension_mode":false,"campfire_upgraded":2,"path_taken":["M","?","$","?","?","R","M","R","T","E","?","M","M","M","R","BOSS","M","?","?","?","M","R","E"],"build_version":"2018-02-15-PROD1","purchased_purges":0,"victory":false,"master_deck":["Defend_G","Defend_G","Defend_G","Defend_G","Strike_G","Strike_G","Strike_G","Strike_G","Strike_G","Survivor","Neutralize","Prepared+1","Flying Knee","Deadly Poison","Normality","Backflip","Endless Agony+1","Flying Knee","Blade Dance","Slice","Deadly Poison","Backflip","Tools of the Trade","Quick Slash","Quick Slash+1"],"max_hp_per_floor":[70,70,70,70,70,70,70,70,70,70,70,70,70,70,70,70,70,70,70,75,75,75,75],"relics":["Ring of the Snake","Paper Crane","Ice Cream","Ginger","Sozu","Prayer Wheel"],"card_choices":[{"not_picked":["Outmaneuver","Acrobatics"],"picked":"Prepared"},{"not_picked":["Leg Sweep","Flechettes"],"picked":"Backflip"},{"not_picked":["Backflip","Leg Sweep"],"picked":"Endless Agony"},{"not_picked":["Eviscerate","Blur"],"picked":"Flying Knee"},{"not_picked":["Prepared","PiercingWail"],"picked":"Slice"},{"not_picked":["Acrobatics","Backstab"],"picked":"Deadly Poison"},{"not_picked":["Malaise","Calculated Gamble"],"picked":"Backflip"},{"not_picked":["Doppelganger","Bullet Time"],"picked":"Tools of the Trade"},{"not_picked":["Flying Knee","Sucker Punch"],"picked":"Quick Slash"},{"not_picked":["Backflip","Backstab"],"picked":"Quick Slash"}],"player_experience":19522,"potions_floor_usage":[14,16,16],"damage_taken":[{"damage":0,"enemies":"Small Slimes","floor":1,"turns":4},{"damage":0,"enemies":"Cultist","floor":5,"turns":3},{"damage":3,"enemies":"Jaw Worm","floor":7,"turns":3},{"damage":28,"enemies":"Gremlin Nob","floor":10,"turns":5},{"damage":13,"enemies":"3 Louse","floor":12,"turns":3},{"damage":17,"enemies":"Gremlin Gang","floor":13,"turns":5},{"damage":0,"enemies":"Blue Slaver","floor":14,"turns":2},{"damage":25,"enemies":"Hexaghost","floor":16,"turns":11},{"damage":27,"enemies":"Spheric Guardian","floor":18,"turns":6},{"damage":19,"enemies":"Chosen","floor":22,"turns":5},{"damage":39,"enemies":"Gremlin Leader","floor":24,"turns":6}],"event_choices":[{"event_name":"Purifier","player_choice":"One Purge","floor":2,"damage_taken":0},{"event_name":"Accursed Blacksmith","player_choice":"Rummage","floor":4,"damage_taken":0},{"event_name":"Drug Dealer","player_choice":"Got JAXXED","floor":19,"damage_taken":0},{"event_name":"Forgotten Altar","player_choice":"Shed Blood","floor":20,"damage_taken":0},{"event_name":"Addict","player_choice":"Gave JAX","floor":21,"damage_taken":0}],"boss_relics":[{"not_picked":["Snecko Eye","Lizard Tail"],"picked":"Sozu"}],"potions_floor_spawned":[7,10,14,18],"seed_played":"-5925418327493216033","killed_by":"Gremlin Leader","ascension_level":0,"is_trial":false}