{"path_per_floor":["M","M","M","?","$","M","R","M","T","R","?","M","R","E","R","B",null,"M","$","M","M","M","R","E","R","T","R","M","M","?","T","R"],"character_chosen":"THE_SILENT","items_purchased":["Ninja Scroll","Acrobatics","Secret Technique"],"gold_per_floor":[210,223,236,311,0,15,15,31,77,77,77,87,87,116,116,213,213,229,31,41,60,80,80,111,111,136,136,150,166,166,191,191],"floor_reached":33,"campfire_rested":3,"playtime":1851,"current_hp_per_floor":[64,58,58,47,47,47,68,68,68,68,70,70,70,63,63,22,70,70,70,68,64,50,50,24,45,45,66,64,64,64,64,64],"items_purged":[],"gold":191,"score":323,"play_id":"aa667193-0de0-43a4-95ac-7796756a15f4","is_prod":false,"is_daily":false,"is_ascension_mode":true,"campfire_upgraded":5,"path_taken":["M","M","M","?","$","M","R","M","T","R","?","M","R","E","R","BOSS","M","$","?","M","M","R","E","R","T","R","M","M","?","?","R","BOSS"],"build_version":"2018-02-15-PROD1","purchased_purges":1,"victory":false,"master_deck":["Defend_G","Defend_G","Defend_G","Defend_G","Defend_G","Strike_G","Strike_G","Strike_G","Strike_G","Strike_G","Survivor","Neutralize+1","Predator","Blur","Backflip","Acrobatics","Predator","Adrenaline+1","Malaise+1","Bullet Time+1","Cloak And Dagger","Secret Technique+1","Malaise","Bullet Time","Accuracy+1"],"max_hp_per_floor":[70,70,70,70,70,70,70,70,70,70,70,70,70,70,70,70,70,70,70,70,70,70,70,70,70,70,70,70,70,70,70,70],"relics":["Ring of the Snake","Ninja Scroll","Snake Skull","Happy Flower","Lizard Tail","Juzu Bracelet","Bronze Scales","Dream Catcher"],"card_choices":[{"not_picked":["Deadly Poison","Accuracy"],"picked":"Predator"},{"not_picked":["Sucker Punch","Dodge and Roll"],"picked":"Blur"},{"not_picked":["Noxious Fumes","Slice"],"picked":"Backflip"},{"not_picked":["Slice","Expertise"],"picked":"Predator"},{"not_picked":["Dagger Spray","Quick Slash"],"picked":"Adrenaline"},{"not_picked":["Setup","Infinite Blades"],"picked":"Malaise"},{"not_picked":["Unload","Corpse Explosion"],"picked":"Bullet Time"},{"not_picked":["Sucker Punch","Deflect"],"picked":"Cloak And Dagger"},{"not_picked":["Slice","Dagger Throw"],"picked":"Malaise"},{"not_picked":["Quick Slash","Outmaneuver"],"picked":"Bullet Time"},{"not_picked":["Catalyst","Masterful Stab"],"picked":"Accuracy"}],"player_experience":257929,"potions_floor_usage":[16,20,33],"damage_taken":[{"damage":6,"enemies":"Jaw Worm","floor":1,"turns":9},{"damage":6,"enemies":"Cultist","floor":2,"turns":4},{"damage":0,"enemies":"Small Slimes","floor":3,"turns":3},{"damage":0,"enemies":"Gremlin Gang","floor":6,"turns":4},{"damage":0,"enemies":"2 Fungi Beasts","floor":8,"turns":3},{"damage":0,"enemies":"Exordium Wildlife","floor":12,"turns":1},{"damage":7,"enemies":"3 Sentries","floor":14,"turns":9},{"damage":41,"enemies":"Hexaghost","floor":16,"turns":18},{"damage":0,"enemies":"Spheric Guardian","floor":18,"turns":4},{"damage":2,"enemies":"3 Byrds","floor":20,"turns":5},{"damage":4,"enemies":"Snake Plant","floor":21,"turns":7},{"damage":14,"enemies":"Slaver and Parasite","floor":22,"turns":13},{"damage":26,"enemies":"Slavers","floor":24,"turns":11},{"damage":2,"enemies":"Centurion and Healer","floor":28,"turns":6},{"damage":0,"enemies":"Snake Plant","floor":29,"turns":5},{"damage":111,"enemies":"Collector","floor":33,"turns":11}],"event_choices":[{"event_name":"World of Goop","player_choice":"Gather Gold","floor":4,"damage_taken":0},{"event_name":"Wheel of Change","player_choice":"Full Heal","floor":11,"damage_taken":0},{"event_name":"Vampires","player_choice":"Ignored","floor":30,"damage_taken":0}],"boss_relics":[{"not_picked":["Snecko Eye","Velvet Choker"],"picked":"Lizard Tail"}],"potions_floor_spawned":[2,8,14,16,20,21],"seed_played":"-9017916467675612040","killed_by":"Collector","ascension_level":4,"is_trial":false}