{"path_per_floor":["M","M","M","?","M","R","M","M","T","M","?","R","$","M","R","B",null,"M","?","T","M","$","R","E","R","T","M"],"character_chosen":"THE_SILENT","items_purchased":[],"gold_per_floor":[10,28,38,38,48,48,67,84,109,120,85,85,10,29,29,127,127,141,141,190,200,150,150,180,180,180,193],"floor_reached":28,"campfire_rested":2,"playtime":1113,"current_hp_per_floor":[61,61,61,61,61,61,56,50,50,48,65,65,65,60,70,34,70,70,70,70,39,39,60,60,60,60,60],"items_purged":["Injury","Strike_G"],"gold":193,"score":296,"play_id":"7224d4ab-16a1-4dbb-b062-7f774d8c86f5","is_prod":false,"is_daily":false,"is_ascension_mode":true,"campfire_upgraded":3,"path_taken":["M","?","M","?","M","R","M","M","T","?","?","R","?","M","R","BOSS","M","?","?","?","?","R","E","R","T","M","E"],"build_version":"2018-02-15-PROD1","purchased_purges":2,"victory":false,"master_deck":["Defend_G","Defend_G","Defend_G","Defend_G","Strike_G","Strike_G","Strike_G","Survivor","Neutralize","Riddle With Holes+1","Backflip","Cloak And Dagger+1","Infinite Blades+1","Footwork","Dodge and Roll","Acrobatics","Phantasmal Killer+1","Cloak And Dagger","Malaise+1","Escape Plan","Finisher"],"max_hp_per_floor":[70,70,70,70,70,70,70,70,70,70,70,70,70,70,70,70,70,70,70,70,70,70,70,70,70,70,70],"relics":["Ring of the Snake","Anchor","White Beast Statue","Smiling Mask","Ancient Tea Set","Bag of Marbles","Meat on the Bone"],"card_choices":[{"not_picked":["Sucker Punch","Deflect"],"picked":"Riddle With Holes"},{"not_picked":["Deadly Poison","Bane"],"picked":"Backflip"},{"not_picked":["PiercingWail","Dagger Throw"],"picked":"Cloak And Dagger"},{"not_picked":["Crippling Poison","Riddle With Holes"],"picked":"Infinite Blades"},{"not_picked":["Noxious Fumes","PiercingWail"],"picked":"Footwork"},{"not_picked":["Eviscerate","Underhanded Strike"],"picked":"Dodge and Roll"},{"not_picked":["Flying Knee","Dagger Throw"],"picked":"Acrobatics"},{"not_picked":["Burst","A Thousand Cuts"],"picked":"Phantasmal Killer"},{"not_picked":["Poisoned Stab","Acrobatics"],"picked":"Cloak And Dagger"},{"not_picked":["Slice","Calculated Gamble"],"picked":"Malaise"},{"not_picked":["Prepared","Masterful Stab"],"picked":"Escape Plan"},{"not_picked":["Slice","Crippling Poison"],"picked":"Finisher"}],"player_experience":225858,"potions_floor_usage":[5,14,16,28],"damage_taken":[{"damage":9,"enemies":"Cultist","floor":1,"turns":5},{"damage":0,"enemies":"2 Louse","floor":2,"turns":2},{"damage":0,"enemies":"Small Slimes","floor":3,"turns":3},{"damage":0,"enemies":"Blue Slaver","floor":5,"turns":2},{"damage":5,"enemies":"3 Louse","floor":7,"turns":4},{"damage":6,"enemies":"Looter","floor":8,"turns":3},{"damage":2,"enemies":"Exordium Wildlife","floor":10,"turns":4},{"damage":5,"enemies":"Lots of Slimes","floor":14,"turns":5},{"damage":36,"enemies":"The Guardian","floor":16,"turns":16},{"damage":0,"enemies":"3 Byrds","floor":18,"turns":6},{"damage":31,"enemies":"Spheric Guardian","floor":21,"turns":11},{"damage":0,"enemies":"Book of Stabbing","floor":24,"turns":11},{"damage":0,"enemies":"Centurion and Healer","floor":27,"turns":8},{"damage":72,"enemies":"Gremlin Leader","floor":28,"turns":4}],"event_choices":[{"event_name":"Accursed Blacksmith","player_choice":"Forge","floor":4,"damage_taken":0},{"event_name":"The Cleric","player_choice":"Healed","floor":11,"damage_taken":0},{"event_name":"The Mausoleum","player_choice":"Yes","floor":19,"damage_taken":0}],"boss_relics":[{"not_picked":["Philosopher\u0027s Stone","The Specimen"],"picked":"White Beast Statue"}],"potions_floor_spawned":[1,3,8,16,18,21,24,27],"seed_played":"7953521889177395066","killed_by":"Gremlin Leader","ascension_level":3,"is_trial":false}