{"path_per_floor":["M","$","?","M","?","M","R","M","T","R","M","M","?","M","R","B",null,"M","M","?","$","M","R","$","R","T","$","M","R","M","?","R","B",null,"M","M","?","?","$","E","R","M","T","M","R","$","R","M","R"],"character_chosen":"THE_SILENT","items_purchased":["Matryoshka","Footwork","Tactician"],"gold_per_floor":[115,40,40,59,59,79,79,94,162,162,187,200,200,215,215,334,372,396,411,411,162,177,177,138,138,138,38,62,62,81,81,81,204,204,220,233,233,233,75,110,110,129,154,168,168,43,43,66,66],"floor_reached":50,"campfire_rested":4,"playtime":1976,"current_hp_per_floor":[69,69,65,61,61,61,61,61,61,61,55,52,57,45,66,42,75,75,66,66,66,63,63,63,63,63,63,60,60,64,64,64,36,75,66,70,70,70,70,13,35,26,26,28,50,50,72,72,72],"items_purged":["Strike_G","Decay","Injury"],"gold":66,"score":497,"play_id":"853fadb6-df1b-49fe-812f-bd75291ee064","is_prod":false,"is_daily":false,"is_ascension_mode":true,"campfire_upgraded":7,"path_taken":["M","$","?","M","?","M","R","M","T","R","M","M","?","?","R","BOSS","M","M","?","$","M","R","?","R","T","$","M","R","M","?","R","BOSS","M","M","?","?","$","E","R","M","T","M","R","?","R","M","R","BOSS"],"build_version":"2018-02-22-PROD2","purchased_purges":6,"victory":false,"master_deck":["Defend_G+1","Defend_G+1","Defend_G+1","Defend_G+1","Strike_G+1","Strike_G+1","Strike_G+1","Strike_G+1","Survivor","Neutralize+1","Poisoned Stab+1","Leg Sweep+1","Bane+1","Noxious Fumes+1","Acrobatics","Leg Sweep","Die Die Die","Backflip","Malaise+1","Escape Plan","Footwork+1","Deadly Poison+1","Bouncing Flask+1","Corpse Explosion+1","PiercingWail+1","Tactician","Reflex+1","Dodge and Roll+1","Noxious Fumes","Injury","Backflip+1"],"max_hp_per_floor":[70,70,65,65,65,65,65,65,65,65,65,65,70,70,70,70,75,75,75,75,75,75,75,75,75,75,75,75,75,75,75,75,75,75,75,75,75,75,75,75,75,75,75,75,75,75,75,75,75],"relics":["Cursed Key","Golden Idol","Blue Candle","Tiny House","Matryoshka","Dream Catcher","Bird Faced Urn","Velvet Choker","Happy Flower","Toolbox","Whetstone"],"card_choices":[{"not_picked":["Acrobatics","Setup"],"picked":"Poisoned Stab"},{"not_picked":["Deflect","Acrobatics"],"picked":"Leg Sweep"},{"not_picked":["Sucker Punch","Dagger Spray"],"picked":"Noxious Fumes"},{"not_picked":["A Thousand Cuts","Prepared"],"picked":"Acrobatics"},{"not_picked":["Riddle With Holes","Flechettes"],"picked":"PiercingWail"},{"not_picked":["Riddle With Holes","Accuracy"],"picked":"Leg Sweep"},{"not_picked":["Glass Knife","Corpse Explosion"],"picked":"Die Die Die"},{"not_picked":["Sucker Punch","Expertise"],"picked":"Backflip"},{"not_picked":["Leg Sweep","Bane"],"picked":"Malaise"},{"not_picked":["Setup","Predator"],"picked":"Escape Plan"},{"not_picked":["Concentrate","All Out Attack"],"picked":"Deadly Poison"},{"not_picked":["Deadly Poison","Terror"],"picked":"Bouncing Flask"},{"not_picked":["Grand Finale","A Thousand Cuts"],"picked":"Corpse Explosion"},{"not_picked":["Blade Dance","Poisoned Stab"],"picked":"PiercingWail"},{"not_picked":["PiercingWail","Sucker Punch"],"picked":"Reflex"},{"not_picked":["Sucker Punch","Dagger Throw"],"picked":"Dodge and Roll"},{"not_picked":["Choke","Blade Dance"],"picked":"Noxious Fumes"},{"not_picked":["Sucker Punch","Infinite Blades"],"picked":"Backflip"}],"player_experience":273095,"potions_floor_usage":[16,18,28,33,36,44,48,50,50],"damage_taken":[{"damage":1,"enemies":"2 Louse","floor":1,"turns":3},{"damage":4,"enemies":"Small Slimes","floor":4,"turns":5},{"damage":0,"enemies":"Jaw Worm","floor":6,"turns":2},{"damage":0,"enemies":"Blue Slaver","floor":8,"turns":5},{"damage":6,"enemies":"Exordium Thugs","floor":11,"turns":5},{"damage":3,"enemies":"Large Slime","floor":12,"turns":4},{"damage":12,"enemies":"Lots of Slimes","floor":14,"turns":5},{"damage":24,"enemies":"Hexaghost","floor":16,"turns":10},{"damage":0,"enemies":"Spheric Guardian","floor":18,"turns":4},{"damage":9,"enemies":"Chosen","floor":19,"turns":7},{"damage":3,"enemies":"Snecko","floor":22,"turns":6},{"damage":7,"enemies":"Centurion and Healer","floor":28,"turns":7},{"damage":0,"enemies":"Snake Plant","floor":30,"turns":4},{"damage":47,"enemies":"Collector","floor":33,"turns":10},{"damage":11,"enemies":"3 Shapes","floor":35,"turns":6},{"damage":0,"enemies":"Orb Walker","floor":36,"turns":6},{"damage":61,"enemies":"Giant Head","floor":40,"turns":10},{"damage":13,"enemies":"4 Shapes","floor":42,"turns":8},{"damage":4,"enemies":"3 Darklings","floor":44,"turns":4},{"damage":3,"enemies":"Sphere and 2 Shapes","floor":48,"turns":4},{"damage":86,"enemies":"Donu and Deca","floor":50,"turns":9}],"event_choices":[{"event_name":"Golden Idol","player_choice":"Lose Max HP","floor":3,"damage_taken":0},{"event_name":"Living Wall","player_choice":"Change","floor":5,"damage_taken":0},{"event_name":"Big Fish","player_choice":"Donut","floor":13,"damage_taken":0},{"event_name":"Back to Basics","player_choice":"Simplicity","floor":20,"damage_taken":0},{"event_name":"The Lab","player_choice":"Got Potions","floor":31,"damage_taken":0},{"event_name":"Tomb of Lord Red Mask","player_choice":"Ignored","floor":38,"damage_taken":0}],"boss_relics":[{"not_picked":["White Beast Statue","Snecko Eye"],"picked":"Tiny House"},{"not_picked":["Pandora\u0027s Box","Question Card"],"picked":"Velvet Choker"}],"potions_floor_spawned":[4,8,11,14,19,22,30,33,36,42,44],"seed_played":"3084973488194925095","killed_by":"Donu and Deca","ascension_level":4,"is_trial":false}