{"path_per_floor":["M","$","?","$","?","R","?","E","T","R","$","M","M","M","R","B",null,"M","$","T","M","$","E","R","M","T","M","M","R","?","E","R","B",null,"M","$","M","T","M","R","M","M","T","$","M","M","M","?","R","B"],"character_chosen":"THE_SILENT","items_purchased":["Well Laid Plans","Bag of Marbles","Flash of Steel","Footwork","Ornamental Fan","Footwork"],"gold_per_floor":[111,72,172,25,25,25,25,50,50,50,50,63,74,87,87,192,192,212,37,64,83,6,65,65,78,78,88,107,107,107,140,140,245,275,285,37,54,54,67,67,79,96,96,28,42,58,71,71,71,71],"floor_reached":51,"campfire_rested":5,"playtime":3779,"current_hp_per_floor":[75,75,75,75,75,75,75,44,44,67,67,67,67,64,77,66,77,77,77,83,81,81,52,52,42,48,38,36,77,77,70,89,55,94,89,89,89,95,84,84,76,64,70,70,56,56,56,56,102,34],"items_purged":["Defend_G"],"gold":71,"score":637,"play_id":"a05f300e-885b-4e18-99a1-a6ba757f2cb3","is_prod":false,"is_daily":false,"is_ascension_mode":true,"campfire_upgraded":3,"path_taken":["M","?","?","$","?","R","?","E","T","R","$","?","M","?","R","BOSS","M","$","?","M","$","E","R","M","T","M","M","R","?","E","R","BOSS","M","?","?","?","M","R","M","M","T","$","M","M","?","?","R","BOSS"],"build_version":"2018-02-15-PROD1","purchased_purges":2,"victory":true,"master_deck":["Defend_G","Defend_G","Defend_G","Strike_G","Strike_G+1","Strike_G","Strike_G+1","Survivor","Neutralize+1","All Out Attack+1","Well Laid Plans","Predator","After Image","Prepared","Malaise","Tactician+1","Flash of Steel","Injury","Backflip+1","Footwork","Envenom+1","Blur+1","Injury","Heel Hook","Backflip+1","Adrenaline","Dagger Throw","Calculated Gamble+1","Acrobatics","Injury","Deflect+1","Dagger Throw+1","Writhe","Footwork","Reflex","Noxious Fumes+1"],"max_hp_per_floor":[77,77,77,77,77,77,77,77,77,77,77,77,77,77,77,77,77,77,77,83,83,83,83,83,83,89,89,89,89,89,89,89,89,94,94,94,94,100,100,100,100,100,106,106,106,106,106,106,106,106],"relics":["Ring of the Snake","Bag of Marbles","Darkstone Periapt","Thread and Needle","Cursed Key","Orichalcum","Tiny Chest","Regal Pillow","Dodecahedron","Tiny House","Ornamental Fan","Happy Flower","Whetstone"],"card_choices":[{"not_picked":["Deflect","Underhanded Strike"],"picked":"All Out Attack"},{"not_picked":["Acrobatics","Dagger Throw"],"picked":"After Image"},{"not_picked":["Masterful Stab","Poisoned Stab"],"picked":"Prepared"},{"not_picked":["Sucker Punch","Underhanded Strike"],"picked":"Malaise"},{"not_picked":["Bullet Time","Tools of the Trade"],"picked":"Tactician"},{"not_picked":["Setup","Escape Plan"],"picked":"Backflip"},{"not_picked":["Crippling Poison","Poisoned Stab"],"picked":"Envenom"},{"not_picked":["Flying Knee","Backflip"],"picked":"Blur"},{"not_picked":["Bouncing Flask","Finisher"],"picked":"Heel Hook"},{"not_picked":["Escape Plan","All Out Attack"],"picked":"Backflip"},{"not_picked":["Doppelganger","A Thousand Cuts"],"picked":"Adrenaline"},{"not_picked":["Backflip","Flechettes"],"picked":"Dagger Throw"},{"not_picked":["Infinite Blades","Distraction"],"picked":"Calculated Gamble"},{"not_picked":["Blade Dance","Sucker Punch"],"picked":"Acrobatics"},{"not_picked":["Masterful Stab","All Out Attack"],"picked":"Deflect"},{"not_picked":["Quick Slash","Malaise"],"picked":"Dagger Throw"},{"not_picked":["Leg Sweep","Dodge and Roll"],"picked":"Reflex"},{"not_picked":["Flying Knee","Dagger Throw"],"picked":"Noxious Fumes"}],"player_experience":226971,"potions_floor_usage":[14,21,23,23,33,39,41,42,50,50,50],"damage_taken":[{"damage":2,"enemies":"Cultist","floor":1,"turns":4},{"damage":31,"enemies":"Lagavulin","floor":8,"turns":8},{"damage":0,"enemies":"Jaw Worm","floor":12,"turns":4},{"damage":0,"enemies":"Small Slimes","floor":13,"turns":1},{"damage":3,"enemies":"Exordium Thugs","floor":14,"turns":4},{"damage":11,"enemies":"The Guardian","floor":16,"turns":16},{"damage":0,"enemies":"Chosen","floor":18,"turns":7},{"damage":2,"enemies":"Spheric Guardian","floor":21,"turns":6},{"damage":29,"enemies":"Slavers","floor":23,"turns":10},{"damage":10,"enemies":"Snake Plant","floor":25,"turns":8},{"damage":10,"enemies":"Snecko","floor":27,"turns":8},{"damage":2,"enemies":"3 Cultists","floor":28,"turns":6},{"damage":7,"enemies":"Book of Stabbing","floor":31,"turns":9},{"damage":34,"enemies":"Automaton","floor":33,"turns":19},{"damage":5,"enemies":"3 Shapes","floor":35,"turns":9},{"damage":0,"enemies":"3 Darklings","floor":37,"turns":9},{"damage":11,"enemies":"Sphere and 2 Shapes","floor":39,"turns":10},{"damage":8,"enemies":"Maw","floor":41,"turns":10},{"damage":12,"enemies":"3 Darklings","floor":42,"turns":8},{"damage":14,"enemies":"Sphere and 2 Shapes","floor":45,"turns":10},{"damage":0,"enemies":"Maw","floor":46,"turns":11},{"damage":0,"enemies":"3 Darklings","floor":47,"turns":5},{"damage":83,"enemies":"Awakened One","floor":50,"turns":18}],"event_choices":[{"event_name":"Golden Shrine","player_choice":"Pray","floor":3,"damage_taken":0},{"event_name":"Bonfire Elementals","player_choice":"BASIC","floor":5,"damage_taken":0},{"event_name":"Living Wall","player_choice":"Change","floor":7,"damage_taken":0},{"event_name":"Vampires","player_choice":"Ignored","floor":30,"damage_taken":0},{"event_name":"Mysterious Sphere","player_choice":"Ignore","floor":48,"damage_taken":0}],"boss_relics":[{"not_picked":["Pandora\u0027s Box","Orrery"],"picked":"Cursed Key"},{"not_picked":["Calling Bell","Runic Dome"],"picked":"Tiny House"}],"potions_floor_spawned":[12,13,16,18,28,35,37,45,46,47],"seed_played":"-7886942452099690178","ascension_level":3,"is_trial":false}