{"path_per_floor":["M","$","?","?","M","M","T","T","T","?","M","R","$","M","R","B",null,"M","?","?","?","?","R","M","R","T","R","M","T","M","?","R","B",null,"M","M","M","$","M","R","$","R","T","E","?","E","M","M","R"],"character_chosen":"THE_SILENT","items_purchased":["Orichalcum","Quick Slash"],"gold_per_floor":[116,41,41,41,59,74,97,123,203,203,218,218,118,138,138,235,235,249,249,249,199,199,199,217,217,244,244,256,280,294,194,194,292,292,311,331,350,79,92,92,67,67,97,131,131,162,175,192,192],"floor_reached":50,"campfire_rested":6,"playtime":4415,"current_hp_per_floor":[60,60,60,46,35,29,29,29,29,22,22,22,22,22,43,35,70,63,63,63,63,50,50,39,61,61,61,56,56,45,45,67,16,75,53,53,38,38,14,36,36,58,58,60,50,47,35,25,64],"items_purged":["Defend_G","Strike_G","Strike_G"],"gold":192,"score":465,"play_id":"43030ea7-9466-4750-afe8-80d4ab364e7f","is_prod":false,"is_daily":false,"is_ascension_mode":false,"campfire_upgraded":3,"path_taken":["M","$","?","?","M","M","?","?","T","?","?","R","$","?","R","BOSS","M","?","?","?","?","R","M","R","T","R","?","?","?","?","R","BOSS","M","?","M","$","M","R","?","R","T","E","?","E","?","?","R","BOSS"],"build_version":"2018-02-15-PROD1","purchased_purges":3,"victory":false,"master_deck":["Defend_G","Defend_G","Defend_G","Strike_G+1","Strike_G+1","Strike_G","Survivor+1","Neutralize+1","Backflip+1","Flying Knee+1","Quick Slash+1","Footwork","Envenom+1","Slice","Neutralize+1","Footwork","Backflip+1","Slice","J.A.X.","A Thousand Cuts","Acrobatics+1","Finisher+1","Quick Slash+1","Flying Knee+1","Madness","Madness","Backflip+1"],"max_hp_per_floor":[70,70,70,70,70,70,70,70,70,70,70,70,70,70,70,70,70,70,70,70,70,75,75,75,75,75,75,75,75,75,75,75,75,75,75,75,75,75,75,75,75,75,75,82,82,82,82,82,82],"relics":["Ring of the Snake","Bag of Marbles","Vajra","War Paint","Mummified Hand","Black Star","Bronze Scales","Pen Nib","Sozu","Orichalcum","Tiny Chest","Strawberry","Regal Pillow","Prayer Wheel","Whetstone"],"card_choices":[{"not_picked":["Acrobatics","Caltrops"],"picked":"Backflip"},{"not_picked":["Heel Hook","Deflect"],"picked":"Flying Knee"},{"not_picked":["Dagger Spray","Dagger Throw"],"picked":"Quick Slash"},{"not_picked":["Sucker Punch","Underhanded Strike"],"picked":"Footwork"},{"not_picked":["Adrenaline","Tools of the Trade"],"picked":"Envenom"},{"not_picked":["Dagger Spray","Quick Slash"],"picked":"Slice"},{"not_picked":["Expertise","Dagger Spray"],"picked":"Backflip"},{"not_picked":["Sucker Punch","Underhanded Strike"],"picked":"Slice"},{"not_picked":["Tactician","Burst"],"picked":"A Thousand Cuts"},{"not_picked":["Footwork","Underhanded Strike"],"picked":"Acrobatics"},{"not_picked":["Skewer","Prepared"],"picked":"Finisher"},{"not_picked":["Heel Hook","Dodge and Roll"],"picked":"Flying Knee"},{"not_picked":["Well Laid Plans","Quick Slash"],"picked":"Backflip"}],"player_experience":45206,"potions_floor_usage":[16,16,33,33],"damage_taken":[{"damage":10,"enemies":"Jaw Worm","floor":1,"turns":5},{"damage":11,"enemies":"Small Slimes","floor":5,"turns":4},{"damage":6,"enemies":"2 Louse","floor":6,"turns":3},{"damage":0,"enemies":"Large Slime","floor":11,"turns":3},{"damage":0,"enemies":"Red Slaver","floor":14,"turns":1},{"damage":8,"enemies":"The Guardian","floor":16,"turns":11},{"damage":7,"enemies":"Shell Parasite","floor":18,"turns":5},{"damage":11,"enemies":"Chosen","floor":24,"turns":4},{"damage":5,"enemies":"3 Cultists","floor":28,"turns":5},{"damage":11,"enemies":"Cultist and Chosen","floor":30,"turns":6},{"damage":51,"enemies":"Automaton","floor":33,"turns":9},{"damage":22,"enemies":"3 Shapes","floor":35,"turns":4},{"damage":0,"enemies":"Orb Walker","floor":36,"turns":3},{"damage":15,"enemies":"3 Darklings","floor":37,"turns":6},{"damage":24,"enemies":"Sphere and 2 Shapes","floor":39,"turns":5},{"damage":5,"enemies":"2 Orb Walkers","floor":44,"turns":5},{"damage":3,"enemies":"Giant Head","floor":46,"turns":6},{"damage":12,"enemies":"Maw","floor":47,"turns":5},{"damage":10,"enemies":"4 Shapes","floor":48,"turns":6},{"damage":64,"enemies":"Time Eater","floor":50,"turns":8}],"event_choices":[{"event_name":"Big Fish","player_choice":"Box","floor":3,"damage_taken":0},{"event_name":"Shining Light","player_choice":"Entered Light","floor":4,"damage_taken":0},{"event_name":"Golden Wing","player_choice":"Card Removal","floor":10,"damage_taken":0},{"event_name":"Duplicator","player_choice":"One dupe","floor":19,"damage_taken":0},{"event_name":"The Library","player_choice":"Read","floor":20,"damage_taken":0},{"event_name":"The Joust","player_choice":"Bet on Owner","floor":21,"damage_taken":0},{"event_name":"Forgotten Altar","player_choice":"Shed Blood","floor":22,"damage_taken":0},{"event_name":"Drug Dealer","player_choice":"Got JAXXED","floor":31,"damage_taken":0},{"event_name":"Winding Halls","player_choice":"Embrace Madness","floor":45,"damage_taken":0}],"boss_relics":[{"not_picked":["Snecko Eye","Runic Pyramid"],"picked":"Black Star"},{"not_picked":["Runic Dome","The Specimen"],"picked":"Sozu"}],"potions_floor_spawned":[6,11,28,30,33,35,39,46,48],"seed_played":"177705280443353001","killed_by":"Time Eater","ascension_level":0,"is_trial":false}