{"path_per_floor":["M","?","M","M","$","E","R","E","T","M","T","M","?","M","R","B",null,"M","?","M","$","?","E","M","T","T","$","$","M","$","T","R"],"character_chosen":"THE_SILENT","items_purchased":["Flying Knee","Bronze Scales","Accuracy","Footwork"],"gold_per_floor":[119,119,139,150,22,50,50,84,84,97,97,110,110,123,123,222,222,205,205,224,73,73,101,114,114,114,40,0,14,14,14,14],"floor_reached":33,"campfire_rested":3,"playtime":1591,"current_hp_per_floor":[58,45,45,45,45,40,61,52,52,52,52,52,57,47,70,7,78,46,46,44,44,44,37,31,31,31,31,31,19,19,19,42],"items_purged":["Strike_G"],"gold":14,"score":275,"play_id":"0dac4a10-e8da-4bca-a9d8-6bdd6e47aabc","is_prod":false,"is_daily":false,"is_ascension_mode":false,"campfire_upgraded":0,"path_taken":["M","?","?","M","$","E","R","E","T","M","?","?","?","?","R","BOSS","M","?","?","$","?","E","?","?","T","?","$","M","$","?","R","BOSS"],"build_version":"2018-02-22-PROD2","purchased_purges":1,"victory":false,"master_deck":["Defend_G","Defend_G+1","Defend_G","Defend_G","Strike_G","Strike_G+1","Strike_G","Survivor","Neutralize","Grand Finale","Blur","Dagger Throw","Acrobatics","Infinite Blades","Flying Knee","Escape Plan","Predator","Outmaneuver","Dagger Throw","Night Terror","Backstab","Backstab","Cloak And Dagger","Eviscerate","Distraction+1","Accuracy","Footwork"],"max_hp_per_floor":[63,63,63,63,63,73,73,73,73,73,73,73,78,78,78,78,78,78,78,78,78,78,78,78,78,78,78,78,78,78,78,78],"relics":["Ring of the Snake","Pear","Pantograph","Bottled Tornado","Bag of Marbles","Black Star","Bronze Scales","Lantern","Omamori","Pen Nib","Toolbox","Unceasing Top"],"card_choices":[{"not_picked":["Slice","Reflex"],"picked":"Dagger Throw"},{"not_picked":["Dodge and Roll","Leg Sweep"],"picked":"Acrobatics"},{"not_picked":["Die Die Die","Backflip"],"picked":"Infinite Blades"},{"not_picked":["Underhanded Strike","Backflip"],"picked":"Escape Plan"},{"not_picked":["Sucker Punch","Flechettes"],"picked":"Predator"},{"not_picked":["Reflex","Bane"],"picked":"Outmaneuver"},{"not_picked":["Deflect","All Out Attack"],"picked":"Dagger Throw"},{"not_picked":["Tactician","Bullet Time"],"picked":"Night Terror"},{"not_picked":["Dagger Throw","Slice"],"picked":"Backstab"},{"not_picked":["Prepared","Sucker Punch"],"picked":"Backstab"},{"not_picked":["Riddle With Holes","Dash"],"picked":"Distraction"}],"player_experience":80431,"potions_floor_usage":[10,16,16,20,23,23,23],"damage_taken":[{"damage":5,"enemies":"2 Louse","floor":1,"turns":4},{"damage":0,"enemies":"Small Slimes","floor":3,"turns":3},{"damage":0,"enemies":"Jaw Worm","floor":4,"turns":3},{"damage":15,"enemies":"Gremlin Nob","floor":6,"turns":5},{"damage":9,"enemies":"Lagavulin","floor":8,"turns":8},{"damage":0,"enemies":"Red Slaver","floor":10,"turns":3},{"damage":0,"enemies":"Exordium Thugs","floor":12,"turns":5},{"damage":10,"enemies":"Large Slime","floor":14,"turns":5},{"damage":71,"enemies":"Hexaghost","floor":16,"turns":14},{"damage":32,"enemies":"2 Thieves","floor":18,"turns":4},{"damage":2,"enemies":"3 Byrds","floor":20,"turns":5},{"damage":7,"enemies":"Slavers","floor":23,"turns":5},{"damage":6,"enemies":"Centurion and Healer","floor":24,"turns":5},{"damage":12,"enemies":"Snecko","floor":29,"turns":4},{"damage":91,"enemies":"Collector","floor":33,"turns":11}],"event_choices":[{"event_name":"Shining Light","player_choice":"Entered Light","floor":2,"damage_taken":0},{"event_name":"Big Fish","player_choice":"Donut","floor":13,"damage_taken":0},{"event_name":"The Lab","player_choice":"Got Potions","floor":19,"damage_taken":0},{"event_name":"Match and Keep!","player_choice":"2 cards matched","floor":22,"damage_taken":0}],"boss_relics":[{"not_picked":["Eternal Feather","Ectoplasm"],"picked":"Black Star"}],"potions_floor_spawned":[3,6,10,16,20],"seed_played":"4204688496950249919","killed_by":"Collector","ascension_level":0,"is_trial":false}