{"path_per_floor":["M","?","M","$","$","R","M","M","T","E","T","R","?","T","R","B",null,"M","$","?","?","M","R","E","M","T","$","R","M","?","E","R","B",null,"M"],"character_chosen":"THE_SILENT","items_purchased":["Footwork","Apotheosis","Finesse"],"gold_per_floor":[117,117,128,56,56,56,76,91,91,116,116,116,179,179,179,280,280,300,9,9,9,23,23,48,64,64,64,64,75,75,110,110,208,208,224],"floor_reached":36,"campfire_rested":2,"playtime":1664,"current_hp_per_floor":[66,66,66,66,66,66,66,66,66,57,57,57,43,43,64,61,68,62,62,62,62,62,62,31,26,26,26,47,44,44,53,53,35,61,45],"items_purged":[],"gold":224,"score":529,"play_id":"465e9d24-adbf-4208-a2d9-d69764a23bb2","local_time":"20180310202926","is_prod":false,"is_daily":false,"is_ascension_mode":true,"campfire_upgraded":4,"timestamp":1520735366,"path_taken":["M","?","M","?","$","R","M","?","T","E","?","R","?","?","R","BOSS","M","$","?","?","M","R","E","M","T","$","R","M","?","E","R","BOSS","M","M"],"build_version":"2018-03-09","purchased_purges":1,"victory":false,"master_deck":["Survivor","Neutralize+1","A Thousand Cuts","Bouncing Flask+1","Footwork","Deadly Poison","Catalyst+1","Poisoned Stab","Acrobatics","Unload+1","Malaise","Noxious Fumes+1","Malaise","PiercingWail","Apotheosis+1","Finesse","Sucker Punch+1","Escape Plan+1","Burst","Finisher","Footwork","Deflect","Deadly Poison","Riddle With Holes","Flechettes","Dash","Quick Slash","Bane"],"max_hp_per_floor":[70,70,70,70,70,70,70,70,70,70,70,70,70,70,70,70,70,70,70,70,70,70,70,70,70,70,70,70,70,70,70,70,70,70,70],"relics":["Ring of the Snake","Juzu Bracelet","Ninja Scroll","Ginger","Anchor","Paper Crane","Orrery","Bottled Tornado","Whetstone","Oddly Smooth Stone","Pandora\u0027s Box"],"card_choices":[{"not_picked":["Underhanded Strike","Deadly Poison"],"picked":"Bouncing Flask"},{"not_picked":["Outmaneuver","All Out Attack"],"picked":"Deadly Poison"},{"not_picked":["Riddle With Holes","Infinite Blades"],"picked":"Catalyst"},{"not_picked":["Finisher","Endless Agony"],"picked":"Poisoned Stab"},{"not_picked":["Dodge and Roll","Bullet Time"],"picked":"Acrobatics"},{"not_picked":["A Thousand Cuts","Storm of Steel"],"picked":"Unload"},{"not_picked":["Endless Agony","Deflect"],"picked":"Malaise"},{"not_picked":["Underhanded Strike","Escape Plan"],"picked":"Noxious Fumes"},{"not_picked":["Sucker Punch","Deflect"],"picked":"Malaise"},{"not_picked":["Terror","Dagger Spray"],"picked":"PiercingWail"},{"not_picked":["Cloak And Dagger","Quick Slash"],"picked":"Sucker Punch"},{"not_picked":["Quick Slash","Dagger Spray"],"picked":"Escape Plan"},{"not_picked":["Doppelganger","Unload"],"picked":"Burst"}],"player_experience":347905,"potions_floor_usage":[10,16,22,31,31,33],"damage_taken":[{"damage":4,"enemies":"Small Slimes","floor":1,"turns":4},{"damage":0,"enemies":"Cultist","floor":3,"turns":4},{"damage":0,"enemies":"Jaw Worm","floor":7,"turns":5},{"damage":0,"enemies":"Exordium Thugs","floor":8,"turns":4},{"damage":9,"enemies":"Lagavulin","floor":10,"turns":5},{"damage":14,"enemies":"3 Sentries","floor":13,"turns":9},{"damage":3,"enemies":"Hexaghost","floor":16,"turns":7},{"damage":6,"enemies":"Chosen","floor":18,"turns":4},{"damage":0,"enemies":"3 Byrds","floor":22,"turns":6},{"damage":31,"enemies":"Book of Stabbing","floor":24,"turns":6},{"damage":5,"enemies":"Cultist and Chosen","floor":25,"turns":6},{"damage":3,"enemies":"Snake Plant","floor":29,"turns":5},{"damage":6,"enemies":"Gremlin Leader","floor":31,"turns":6},{"damage":18,"enemies":"Collector","floor":33,"turns":9},{"damage":16,"enemies":"3 Shapes","floor":35,"turns":5},{"damage":20,"enemies":"3 Darklings","floor":36,"turns":5}],"event_choices":[{"event_name":"Purifier","player_choice":"One Purge","floor":2,"damage_taken":0},{"event_name":"Dead Adventurer","player_choice":"Searched \u00272\u0027 times","floor":13,"damage_taken":0},{"event_name":"Back to Basics","player_choice":"Simplicity","floor":20,"damage_taken":0},{"event_name":"Addict","player_choice":"Ignored","floor":21,"damage_taken":0},{"event_name":"The Lab","player_choice":"Got Potions","floor":30,"damage_taken":0}],"boss_relics":[{"not_picked":["Calling Bell","Runic Pyramid"],"picked":"Orrery"},{"not_picked":["Tiny House","Question Card"],"picked":"Pandora\u0027s Box"}],"potions_floor_spawned":[1,13,18,25],"seed_played":"-5537262392286826656","killed_by":"3 Darklings","ascension_level":5,"is_trial":false}