{"path_per_floor":["M","?","M","M","M","M","E","?","T","M","?","R","E"],"character_chosen":"THE_SILENT","items_purchased":[],"gold_per_floor":[117,117,127,141,156,174,207,157,184,200,224,224,251],"floor_reached":14,"campfire_rested":1,"playtime":372,"current_hp_per_floor":[70,70,70,70,65,65,54,54,54,28,7,28,14],"items_purged":[],"gold":251,"score":102,"play_id":"3e13e8fb-f93f-4749-bcc9-45c30bdbcea9","local_time":"20180313192925","is_prod":false,"is_daily":false,"is_ascension_mode":false,"campfire_upgraded":0,"timestamp":1520983765,"path_taken":["M","?","M","M","M","?","E","?","T","?","?","R","E","M"],"build_version":"2018-03-09","purchased_purges":0,"victory":false,"master_deck":["Defend_G","Defend_G","Defend_G","Defend_G","Defend_G","Strike_G","Strike_G","Strike_G","Strike_G+1","Survivor","Neutralize","Predator","Quick Slash","Flying Knee","Dagger Spray+1","Caltrops","Cloak And Dagger","Malaise"],"max_hp_per_floor":[70,70,70,70,70,70,70,70,70,70,70,70,70],"relics":["Ring of the Snake","NeowsBlessing","Dead Branch","Whetstone","Odd Mushroom","Bag of Marbles"],"card_choices":[{"not_picked":["Prepared","Heel Hook"],"picked":"Predator"},{"not_picked":["Underhanded Strike","Deflect"],"picked":"Quick Slash"},{"not_picked":["Crippling Poison","Bane"],"picked":"Flying Knee"},{"not_picked":["Slice","Catalyst"],"picked":"Dagger Spray"},{"not_picked":["Eviscerate","Deadly Poison"],"picked":"Caltrops"},{"not_picked":["Finisher","Prepared"],"picked":"Cloak And Dagger"},{"not_picked":["Slice","Leg Sweep"],"picked":"Malaise"}],"player_experience":362891,"potions_floor_usage":[7,13,13,14],"damage_taken":[{"damage":0,"enemies":"Jaw Worm","floor":1,"turns":1},{"damage":0,"enemies":"Cultist","floor":3,"turns":1},{"damage":0,"enemies":"Small Slimes","floor":4,"turns":1},{"damage":5,"enemies":"Looter","floor":5,"turns":3},{"damage":0,"enemies":"3 Louse","floor":6,"turns":3},{"damage":11,"enemies":"3 Sentries","floor":7,"turns":4},{"damage":26,"enemies":"Exordium Thugs","floor":10,"turns":4},{"damage":21,"enemies":"The Mushroom Lair","floor":11,"turns":4},{"damage":14,"enemies":"Gremlin Nob","floor":13,"turns":3},{"damage":25,"enemies":"Gremlin Gang","floor":14,"turns":3}],"event_choices":[{"event_name":"The Woman in Blue","player_choice":"Bought 0 Potions","floor":2,"damage_taken":0},{"event_name":"The Cleric","player_choice":"Card Removal","floor":8,"damage_taken":0},{"event_name":"Mushrooms","player_choice":"Fought Mushrooms","floor":11,"damage_taken":0}],"boss_relics":[],"potions_floor_spawned":[1,5,7,13],"seed_played":"6246561662671556549","killed_by":"Gremlin Gang","ascension_level":0,"is_trial":false}