{"path_per_floor":["M","?","M","?","M","R","E","R","T","M","M","M","M","M","R","B",null,"M","?","?","$","?","R","?","M","T","M","M","R","E","M","R"],"character_chosen":"THE_SILENT","items_purchased":["Lantern","Noxious Fumes"],"gold_per_floor":[118,118,128,78,88,88,120,120,120,136,149,162,180,191,191,287,317,328,328,328,22,22,22,122,142,168,178,197,197,223,234,234],"floor_reached":33,"campfire_rested":3,"playtime":1622,"current_hp_per_floor":[70,70,70,70,70,70,51,51,51,46,46,36,36,33,33,14,61,51,35,35,35,35,57,57,50,50,36,23,45,36,26,48],"items_purged":["Strike_G"],"gold":234,"score":339,"play_id":"a4aa4eca-ed0f-4815-920c-11758c7c84fe","local_time":"20180320233222","is_prod":false,"is_daily":false,"is_ascension_mode":true,"campfire_upgraded":3,"timestamp":1521603142,"path_taken":["M","?","M","?","M","R","E","R","T","?","M","?","?","M","R","BOSS","M","?","?","$","?","R","?","M","T","M","?","R","E","M","R","BOSS"],"build_version":"2018-03-15v3","purchased_purges":1,"victory":false,"master_deck":["Defend_G","Defend_G","Defend_G+1","Defend_G","Defend_G","Strike_G","Strike_G","Strike_G","Survivor","Neutralize","Bane","Backflip+1","Backflip","Flying Knee+1","Underhanded Strike","Dagger Spray","Quick Slash","Backstab","Predator+1","Glass Knife","Backflip+1","Glass Knife","Noxious Fumes","Poisoned Stab+1","Prepared+1","Blur"],"max_hp_per_floor":[70,70,70,70,70,70,70,70,70,70,70,70,70,70,70,70,75,75,75,75,75,75,75,75,75,75,75,75,75,75,75,75],"relics":["Ring of the Snake","NeowsBlessing","Pen Nib","Peace Pipe","Tiny House","Nilry\u0027s Codex","Lantern","Snake Skull","Oddly Smooth Stone"],"card_choices":[{"not_picked":["Deadly Poison","Outmaneuver"],"picked":"Bane"},{"not_picked":["Distraction","Setup"],"picked":"Backflip"},{"not_picked":["Dodge and Roll","Bane"],"picked":"Backflip"},{"not_picked":["PiercingWail","Deflect"],"picked":"Flying Knee"},{"not_picked":["Flying Knee","Masterful Stab"],"picked":"Underhanded Strike"},{"not_picked":["Outmaneuver","Burst"],"picked":"Dagger Spray"},{"not_picked":["Calculated Gamble","Dagger Spray"],"picked":"Quick Slash"},{"not_picked":["Backflip","Heel Hook"],"picked":"Backstab"},{"not_picked":["Sucker Punch","Expertise"],"picked":"Predator"},{"not_picked":["Wraith Form","Die Die Die"],"picked":"Glass Knife"},{"not_picked":["Sucker Punch","PiercingWail"],"picked":"Backflip"},{"not_picked":["Acrobatics","Malaise"],"picked":"Poisoned Stab"},{"not_picked":["Distraction","Leg Sweep"],"picked":"Prepared"},{"not_picked":["Accuracy","Cloak And Dagger"],"picked":"Blur"}],"player_experience":396510,"potions_floor_usage":[16,16,25,30,30,33],"damage_taken":[{"damage":0,"enemies":"Cultist","floor":1,"turns":1},{"damage":0,"enemies":"Small Slimes","floor":3,"turns":1},{"damage":0,"enemies":"Jaw Worm","floor":5,"turns":1},{"damage":19,"enemies":"3 Sentries","floor":7,"turns":16},{"damage":5,"enemies":"2 Fungi Beasts","floor":10,"turns":4},{"damage":0,"enemies":"3 Louse","floor":11,"turns":3},{"damage":10,"enemies":"Exordium Wildlife","floor":12,"turns":5},{"damage":0,"enemies":"Red Slaver","floor":13,"turns":3},{"damage":3,"enemies":"Lots of Slimes","floor":14,"turns":4},{"damage":19,"enemies":"The Guardian","floor":16,"turns":10},{"damage":10,"enemies":"Spheric Guardian","floor":18,"turns":4},{"damage":7,"enemies":"Shell Parasite","floor":25,"turns":4},{"damage":14,"enemies":"3 Cultists","floor":27,"turns":5},{"damage":13,"enemies":"Snake Plant","floor":28,"turns":3},{"damage":9,"enemies":"Slavers","floor":30,"turns":6},{"damage":10,"enemies":"Slaver and Parasite","floor":31,"turns":6},{"damage":55,"enemies":"Champ","floor":33,"turns":12}],"event_choices":[{"event_name":"Accursed Blacksmith","player_choice":"Ignore","floor":2,"damage_taken":0},{"event_name":"The Cleric","player_choice":"Card Removal","floor":4,"damage_taken":0},{"event_name":"Cursed Tome","player_choice":"Obtained Book","floor":19,"damage_taken":0},{"event_name":"Duplicator","player_choice":"One dupe","floor":20,"damage_taken":0},{"event_name":"Drug Dealer","player_choice":"Ignored","floor":22,"damage_taken":0},{"event_name":"Golden Shrine","player_choice":"Pray","floor":24,"damage_taken":0}],"boss_relics":[{"not_picked":["Black Star","Question Card"],"picked":"Tiny House"}],"potions_floor_spawned":[5,7,10,14,16,28,31],"seed_played":"7672676939163194260","killed_by":"Champ","ascension_level":5,"is_trial":false}