{"path_per_floor":["M","M","M","M","$","R","E","?","T","R","M","M","R","$","R","B",null,"M","?","$","M","M","R","M","$","T","?","M","M","M","M","R","B",null,"M","M","?","M","$","R","E","M","T","?","?","R","M","M","R"],"character_chosen":"THE_SILENT","items_purchased":["Panache","Jack Of All Trades","Vajra","Shuriken"],"gold_per_floor":[116,129,148,163,163,163,195,195,276,276,296,310,310,37,37,142,142,158,158,158,170,189,189,201,45,98,98,114,124,134,147,147,242,242,262,275,275,292,31,31,64,79,79,79,79,79,98,115,115,115],"floor_reached":50,"campfire_rested":2,"playtime":3455,"current_hp_per_floor":[61,61,61,45,45,45,39,39,39,39,37,37,37,37,37,35,61,61,61,61,61,53,53,51,51,51,51,36,45,29,28,49,30,60,44,44,44,44,44,54,52,50,50,41,41,53,53,32,70,0],"items_purged":[],"gold":115,"score":624,"play_id":"f4425add-1af8-4f8d-b5c6-71349564e32b","local_time":"20180328012631","is_prod":false,"is_daily":false,"is_ascension_mode":true,"campfire_upgraded":7,"timestamp":1522214791,"path_taken":["M","M","M","M","$","R","E","?","T","R","M","M","R","$","R","BOSS","M","?","$","M","M","R","M","$","T","?","M","M","M","?","R","BOSS","M","M","?","M","$","R","E","?","T","?","?","R","M","?","R","BOSS"],"build_version":"2018-03-22v2","purchased_purges":2,"victory":false,"master_deck":["Survivor","Neutralize","Cloak And Dagger","Predator","Dodge and Roll","Deadly Poison","Dagger Spray","Well Laid Plans","Cloak And Dagger","Distraction","Bane","Noxious Fumes+1","PiercingWail","Backflip+1","Blade Dance+1","Panache+1","Jack Of All Trades+1","Tools of the Trade","Backflip+1","Escape Plan","Backstab+1","Heel Hook","Malaise","Backflip+1","Envenom","Die Die Die","Predator","Adrenaline","Madness","Madness"],"max_hp_per_floor":[70,70,70,70,70,70,70,70,70,70,70,70,70,70,70,70,70,70,70,70,70,70,70,70,70,70,70,70,70,70,70,70,70,70,70,70,70,70,70,70,70,70,70,70,70,70,70,70,70,70],"relics":["Gambling Chip","Kunai","Sozu","Nloth\u0027s Gift","Vajra","Omamori","Eternal Feather","Shuriken","Regal Pillow","Ginger"],"card_choices":[{"not_picked":["Dodge and Roll","PiercingWail"],"picked":"Noxious Fumes","floor":1},{"not_picked":["Acrobatics","Poisoned Stab"],"picked":"PiercingWail","floor":2},{"not_picked":["Riddle With Holes","A Thousand Cuts"],"picked":"Backflip","floor":7},{"not_picked":["Cloak And Dagger","Setup"],"picked":"Blade Dance","floor":11},{"not_picked":["Wraith Form","Storm of Steel"],"picked":"Tools of the Trade","floor":16},{"not_picked":["Dagger Spray","Reflex"],"picked":"Backflip","floor":18},{"not_picked":["Acrobatics","Dagger Spray"],"picked":"Escape Plan","floor":21},{"not_picked":["Unload","Accuracy"],"picked":"Backstab","floor":22},{"not_picked":["Underhanded Strike","Prepared"],"picked":"Heel Hook","floor":24},{"not_picked":["Envenom","Predator"],"picked":"Malaise","floor":28},{"not_picked":["Poisoned Stab","Dagger Spray"],"picked":"Backflip","floor":31},{"not_picked":["Venomology","Tactician"],"picked":"Envenom","floor":33},{"not_picked":["Dagger Spray","Outmaneuver"],"picked":"Prepared","floor":35},{"not_picked":["Deadly Poison","Bane"],"picked":"Die Die Die","floor":36},{"not_picked":["Underhanded Strike","Backstab"],"picked":"Adrenaline","floor":38}],"player_experience":455601,"potions_floor_usage":[29,33,50],"damage_taken":[{"damage":2,"enemies":"2 Louse","floor":1,"turns":2},{"damage":0,"enemies":"Cultist","floor":2,"turns":3},{"damage":0,"enemies":"Jaw Worm","floor":3,"turns":3},{"damage":16,"enemies":"Lots of Slimes","floor":4,"turns":3},{"damage":6,"enemies":"Gremlin Nob","floor":7,"turns":4},{"damage":2,"enemies":"Exordium Wildlife","floor":11,"turns":4},{"damage":0,"enemies":"Exordium Thugs","floor":12,"turns":5},{"damage":2,"enemies":"The Guardian","floor":16,"turns":8},{"damage":0,"enemies":"3 Byrds","floor":18,"turns":2},{"damage":0,"enemies":"Spheric Guardian","floor":21,"turns":3},{"damage":8,"enemies":"Snake Plant","floor":22,"turns":3},{"damage":2,"enemies":"Snecko","floor":24,"turns":4},{"damage":15,"enemies":"Cultist and Chosen","floor":28,"turns":5},{"damage":6,"enemies":"Slaver and Parasite","floor":29,"turns":7},{"damage":16,"enemies":"Centurion and Healer","floor":30,"turns":5},{"damage":1,"enemies":"Snake Plant","floor":31,"turns":3},{"damage":19,"enemies":"Collector","floor":33,"turns":9},{"damage":16,"enemies":"3 Darklings","floor":35,"turns":3},{"damage":0,"enemies":"Orb Walker","floor":36,"turns":2},{"damage":0,"enemies":"3 Darklings","floor":38,"turns":2},{"damage":2,"enemies":"Giant Head","floor":41,"turns":7},{"damage":6,"enemies":"Sphere and 2 Shapes","floor":42,"turns":4},{"damage":0,"enemies":"Maw","floor":47,"turns":5},{"damage":21,"enemies":"3 Darklings","floor":48,"turns":4},{"damage":70,"enemies":"Time Eater","floor":50,"turns":8}],"event_choices":[{"event_name":"Wheel of Change","player_choice":"Card Removal","floor":8,"damage_taken":0},{"event_name":"N\u0027loth","player_choice":"Traded a Pandora\u0027s Box","floor":19,"damage_taken":0},{"event_name":"Purifier","player_choice":"Skipped","floor":27,"damage_taken":0},{"event_name":"Transmorgrifier","player_choice":"Transform","floor":37,"damage_taken":0},{"event_name":"Winding Halls","player_choice":"Embrace Madness","floor":44,"damage_taken":0},{"event_name":"Mysterious Sphere","player_choice":"Ignore","floor":45,"damage_taken":0}],"boss_relics":[{"not_picked":["Lizard Tail","White Beast Statue"],"picked":"Sozu"},{"not_picked":["Question Card","Runic Dome"],"picked":"Eternal Feather"}],"potions_floor_spawned":[2,3,7,16,28,29,30,36,38,42,47],"seed_played":"-7127692057089906055","killed_by":"Time Eater","ascension_level":6,"is_trial":false}