{"path_per_floor":["M","$","?","M","?","E","R","M","T","R","E","M","E","M","R","B",null,"M","M","$"],"character_chosen":"THE_SILENT","items_purchased":["Noxious Fumes","Meat on the Bone"],"gold_per_floor":[115,78,78,92,92,126,126,140,166,166,201,213,242,256,256,355,355,328,338,8,8],"floor_reached":21,"campfire_rested":0,"playtime":813,"current_hp_per_floor":[70,70,70,70,70,70,70,70,70,70,54,50,52,50,50,42,70,44,11,11,0],"items_purged":["Strike_G"],"gold":8,"score":286,"play_id":"53c8d40e-197d-4685-8f35-f6e15ebdd941","local_time":"20180408121554","is_prod":false,"is_daily":false,"is_ascension_mode":true,"campfire_upgraded":3,"timestamp":1523182554,"path_taken":["M","$","?","M","?","E","R","?","T","R","E","M","E","M","R","BOSS","M","M","$","M"],"build_version":"2018-04-05v2","purchased_purges":1,"victory":false,"master_deck":["Defend_G","Defend_G","Defend_G","Defend_G","Strike_G","Survivor","Neutralize","Choke+1","Noxious Fumes+1","Escape Plan","Predator","Cloak And Dagger+1","Blur","Accuracy","Flying Knee","Underhanded Strike+1","Escape Plan+1","Venomology+1","Flying Knee","Noxious Fumes"],"max_hp_per_floor":[70,70,70,70,70,70,70,70,70,70,70,70,70,70,70,70,70,70,70,70,70],"relics":["Ring of the Snake","NeowsBlessing","Bottled Flame","Dream Catcher","Blood Vial","Orichalcum","Astrolabe","Meat on the Bone"],"card_choices":[{"not_picked":["Backflip","Dagger Spray"],"picked":"Choke","floor":1},{"not_picked":["Slice","Dodge and Roll"],"picked":"Predator","floor":4},{"not_picked":["Dodge and Roll","Deadly Poison"],"picked":"Cloak And Dagger","floor":6},{"not_picked":["Quick Slash","Expertise"],"picked":"Blur","floor":8},{"not_picked":["Dagger Spray","Well Laid Plans"],"picked":"Accuracy","floor":12},{"not_picked":["Prepared","Slice"],"picked":"Flying Knee","floor":13},{"not_picked":["Footwork","PiercingWail"],"picked":"Flying Knee","floor":18},{"not_picked":["All Out Attack","Predator"],"picked":"Noxious Fumes","floor":19}],"player_experience":360840,"potions_floor_usage":[16,16,16],"damage_taken":[{"damage":0,"enemies":"Jaw Worm","floor":1,"turns":1},{"damage":0,"enemies":"Cultist","floor":4,"turns":1},{"damage":0,"enemies":"3 Sentries","floor":6,"turns":1},{"damage":0,"enemies":"Small Slimes","floor":8,"turns":3},{"damage":16,"enemies":"Lagavulin","floor":11,"turns":6},{"damage":6,"enemies":"Blue Slaver","floor":12,"turns":4},{"damage":0,"enemies":"3 Sentries","floor":13,"turns":7},{"damage":4,"enemies":"Gremlin Gang","floor":14,"turns":4},{"damage":10,"enemies":"Hexaghost","floor":16,"turns":10},{"damage":26,"enemies":"2 Thieves","floor":18,"turns":5},{"damage":35,"enemies":"Chosen","floor":19,"turns":6},{"damage":16,"enemies":"Snake Plant","floor":21,"turns":2}],"event_choices":[{"event_name":"Living Wall","player_choice":"Change","floor":3,"damage_taken":0},{"event_name":"Liars Game","player_choice":"disagreed","floor":5,"damage_taken":0}],"boss_relics":[{"not_picked":["Pandora\u0027s Box","Ectoplasm"],"picked":"Astrolabe"}],"potions_floor_spawned":[1,6,11,13,14,18,19],"seed_played":"1454010049785195279","killed_by":"Snake Plant","ascension_level":3,"is_trial":false}