{"path_per_floor":["M","M","?","M","M","E","R","E","T","$","R","M","?","M","R","B",null,"M","?","?","M","$","R","E","T","T","E"],"character_chosen":"THE_SILENT","items_purchased":["Paper Crane"],"gold_per_floor":[117,134,134,144,161,186,186,218,267,21,21,20,20,38,38,135,135,153,153,78,44,44,44,71,71,119,148,148],"floor_reached":28,"campfire_rested":2,"playtime":1017,"current_hp_per_floor":[70,68,68,66,61,31,31,22,22,22,43,33,33,28,49,46,72,67,67,67,67,67,67,63,63,63,6,0],"items_purged":[],"gold":148,"score":306,"play_id":"5d6ca50f-bf4d-40fb-b71b-f5c7948c245d","local_time":"20180407213240","is_prod":false,"is_daily":false,"is_ascension_mode":true,"campfire_upgraded":2,"timestamp":1523129560,"path_taken":["M","M","?","?","M","E","R","E","T","$","R","M","?","?","R","BOSS","M","?","?","M","?","R","E","?","T","E","M"],"build_version":"2018-04-05v2","purchased_purges":0,"victory":false,"master_deck":["Defend_G","Defend_G","Defend_G","Defend_G","Defend_G","Strike_G","Strike_G","Strike_G","Strike_G","Survivor","Neutralize+1","Flying Knee","Noxious Fumes+1","PiercingWail","Bane","Dash+1","Malaise","Cloak And Dagger","All Out Attack","Flying Knee+1","Malaise","Deadly Poison","Footwork"],"max_hp_per_floor":[70,70,70,70,70,70,70,70,70,70,70,70,70,70,70,72,72,72,72,72,72,72,72,72,72,72,74,74],"relics":["Ring of the Snake","Oddly Smooth Stone","The Specimen","Dodecahedron","Singing Bowl","Paper Crane","Black Star","Regal Pillow","Art of War","Snake Skull","Bronze Scales","Dream Catcher","Pen Nib"],"card_choices":[{"not_picked":["Backstab","Dagger Spray"],"picked":"Flying Knee","floor":1},{"not_picked":["Corpse Explosion","Underhanded Strike"],"picked":"Noxious Fumes","floor":2},{"not_picked":["Deadly Poison","Skewer"],"picked":"PiercingWail","floor":4},{"not_picked":["Sucker Punch","Crippling Poison"],"picked":"Bane","floor":5},{"not_picked":["Predator","Accuracy"],"picked":"Dash","floor":6},{"not_picked":["Deflect","Prepared"],"picked":"Malaise","floor":8},{"not_picked":["PiercingWail","Outmaneuver"],"picked":"Cloak And Dagger","floor":12},{"not_picked":["Doppelganger","Outmaneuver"],"picked":"All Out Attack","floor":14},{"not_picked":["Masterful Stab","Underhanded Strike"],"picked":"Flying Knee","floor":18},{"not_picked":["Dagger Spray","All Out Attack"],"picked":"Deadly Poison","floor":21},{"not_picked":["Backflip","Poisoned Stab"],"picked":"Footwork","floor":24}],"player_experience":358824,"potions_floor_usage":[6,8,21,27,28],"damage_taken":[{"damage":0,"enemies":"Small Slimes","floor":1,"turns":3},{"damage":2,"enemies":"Cultist","floor":2,"turns":4},{"damage":2,"enemies":"Jaw Worm","floor":4,"turns":4},{"damage":5,"enemies":"Red Slaver","floor":5,"turns":5},{"damage":30,"enemies":"Lagavulin","floor":6,"turns":9},{"damage":9,"enemies":"Gremlin Nob","floor":8,"turns":5},{"damage":10,"enemies":"Exordium Thugs","floor":12,"turns":6},{"damage":5,"enemies":"3 Louse","floor":14,"turns":3},{"damage":5,"enemies":"Hexaghost","floor":16,"turns":10},{"damage":5,"enemies":"Shell Parasite","floor":18,"turns":7},{"damage":0,"enemies":"2 Thieves","floor":21,"turns":5},{"damage":4,"enemies":"Book of Stabbing","floor":24,"turns":10},{"damage":59,"enemies":"Gremlin Leader","floor":27,"turns":7},{"damage":6,"enemies":"Cultist and Chosen","floor":28,"turns":2}],"event_choices":[{"event_name":"Big Fish","player_choice":"Box","floor":3,"damage_taken":0},{"event_name":"Fountain of Cleansing","player_choice":"Removed Curse","floor":13,"damage_taken":0},{"event_name":"The Library","player_choice":"Read","floor":19,"damage_taken":0},{"event_name":"Beggar","player_choice":"Gave Gold","floor":20,"damage_taken":0}],"boss_relics":[{"not_picked":["Lizard Tail","Philosopher\u0027s Stone"],"picked":"Black Star"}],"potions_floor_spawned":[2,6,14,18,24],"seed_played":"2832950404727916011","killed_by":"Cultist and Chosen","ascension_level":3,"is_trial":false}