{"path_per_floor":["M","M","M","M","M","R","M","$","T","M","?","T","?","E","R","B",null,"M","?","?","$","M","M"],"character_chosen":"THE_SILENT","items_purchased":["Caltrops","Jack Of All Trades","Jack Of All Trades"],"gold_per_floor":[115,126,140,154,169,169,188,18,18,29,29,80,30,57,57,152,152,169,169,169,16,32,46,46],"floor_reached":24,"campfire_rested":0,"playtime":1080,"current_hp_per_floor":[70,70,63,56,70,70,66,66,66,66,66,66,66,42,42,29,70,51,51,51,51,41,36,0],"items_purged":["Strike_G"],"gold":46,"score":230,"play_id":"793ee98d-5155-46e7-be32-0f7a95bde44c","local_time":"20180408162651","is_prod":false,"is_daily":false,"is_ascension_mode":true,"campfire_upgraded":2,"timestamp":1523197611,"path_taken":["M","M","?","M","?","R","M","$","T","M","?","?","?","E","R","BOSS","M","?","?","$","M","M","E"],"build_version":"2018-04-05v2","purchased_purges":1,"victory":false,"master_deck":["Defend_G","Defend_G","Defend_G","Defend_G","Strike_G","Strike_G","Strike_G","Survivor","Neutralize","Flying Knee+1","Backflip","Sucker Punch","Caltrops","Adrenaline","Cloak And Dagger","Caltrops","Jack Of All Trades+1","Outmaneuver","Night Terror","Burst","Wraith Form","Caltrops+1","Jack Of All Trades"],"max_hp_per_floor":[70,70,70,70,70,70,70,70,70,70,70,70,70,70,70,70,70,70,70,70,70,70,70,70],"relics":["Ring of the Snake","The Specimen","Vajra","Smiling Mask","Cursed Key"],"card_choices":[{"not_picked":["Bane","Acrobatics"],"picked":"Flying Knee","floor":1},{"not_picked":["Dodge and Roll","Quick Slash"],"picked":"Backflip","floor":2},{"not_picked":["Tools of the Trade","Prepared"],"picked":"Sucker Punch","floor":3},{"not_picked":["Dodge and Roll","PiercingWail"],"picked":"Caltrops","floor":4},{"not_picked":["Blur","Expertise"],"picked":"Adrenaline","floor":5},{"not_picked":["PiercingWail","Underhanded Strike"],"picked":"Cloak And Dagger","floor":7},{"not_picked":["Underhanded Strike","Dagger Spray"],"picked":"Outmaneuver","floor":10},{"not_picked":["Bane","Outmaneuver"],"picked":"Burst","floor":14},{"not_picked":["Envenom","Glass Knife"],"picked":"Wraith Form","floor":16},{"not_picked":["Deflect","Flying Knee"],"picked":"Caltrops","floor":18}],"player_experience":367479,"potions_floor_usage":[5,22,23],"damage_taken":[{"damage":0,"enemies":"Cultist","floor":1,"turns":3},{"damage":0,"enemies":"Small Slimes","floor":2,"turns":4},{"damage":7,"enemies":"2 Louse","floor":3,"turns":2},{"damage":7,"enemies":"Blue Slaver","floor":4,"turns":5},{"damage":0,"enemies":"Large Slime","floor":5,"turns":6},{"damage":4,"enemies":"2 Fungi Beasts","floor":7,"turns":3},{"damage":0,"enemies":"Blue Slaver","floor":10,"turns":4},{"damage":24,"enemies":"Lagavulin","floor":14,"turns":5},{"damage":13,"enemies":"The Guardian","floor":16,"turns":8},{"damage":19,"enemies":"Spheric Guardian","floor":18,"turns":5},{"damage":10,"enemies":"Chosen","floor":22,"turns":5},{"damage":5,"enemies":"Snecko","floor":23,"turns":5},{"damage":41,"enemies":"Gremlin Leader","floor":24,"turns":7}],"event_choices":[{"event_name":"Living Wall","player_choice":"Change","floor":11,"damage_taken":0},{"event_name":"The Cleric","player_choice":"Card Removal","floor":13,"damage_taken":0},{"event_name":"The Lab","player_choice":"Got Potions","floor":19,"damage_taken":0},{"event_name":"Ghosts","player_choice":"Ignored","floor":20,"damage_taken":0}],"boss_relics":[{"not_picked":["Calling Bell","Ectoplasm"],"picked":"Cursed Key"}],"potions_floor_spawned":[4,7,14,18],"seed_played":"3986130288672195825","killed_by":"Gremlin Leader","ascension_level":3,"is_trial":false}