{"path_per_floor":["M","$","T","?","M","M","M","M","T","R","M","M","?","E","R","B",null,"M","$","?","M","T","R"],"character_chosen":"THE_SILENT","items_purchased":["Malaise","Matryoshka"],"gold_per_floor":[118,7,30,30,48,67,80,99,145,145,155,171,136,165,165,263,263,283,24,24,43,70,70,70],"floor_reached":24,"campfire_rested":3,"playtime":1063,"current_hp_per_floor":[70,70,70,70,67,61,52,11,11,32,34,26,43,17,38,28,70,55,55,55,19,19,40,0],"items_purged":["Strike_G"],"gold":70,"score":228,"play_id":"65e8bd1d-297d-40f8-b57b-7aa9c9913141","local_time":"20180408123352","is_prod":false,"is_daily":false,"is_ascension_mode":true,"campfire_upgraded":0,"timestamp":1523183632,"path_taken":["M","$","?","?","M","M","M","M","T","R","?","?","?","E","R","BOSS","M","$","?","M","?","R","E"],"build_version":"2018-04-05v2","purchased_purges":1,"victory":false,"master_deck":["Defend_G","Defend_G","Defend_G","Defend_G","Defend_G","Strike_G+1","Strike_G","Strike_G+1","Survivor","Neutralize","Bullet Time","Leg Sweep","Malaise","Regret","Poisoned Stab","Heel Hook","Terror","Cloak And Dagger","Crippling Poison","Outmaneuver","Noxious Fumes","Heel Hook","Bane","A Thousand Cuts","Heel Hook","Unload","Outmaneuver"],"max_hp_per_floor":[70,70,70,70,70,70,70,70,70,70,70,70,70,70,70,70,70,70,70,70,70,70,70,70],"relics":["Ring of the Snake","Dream Catcher","Blood Vial","Happy Flower","Whetstone","Black Star","Matryoshka","Pen Nib","Snake Skull"],"card_choices":[{"not_picked":["Blur","Cloak And Dagger"],"picked":"Leg Sweep","floor":1},{"not_picked":["PiercingWail","Endless Agony"],"picked":"Poisoned Stab","floor":5},{"not_picked":["Quick Slash","Deadly Poison"],"picked":"Heel Hook","floor":6},{"not_picked":["Die Die Die","Deflect"],"picked":"Terror","floor":7},{"not_picked":["Deadly Poison","Dagger Throw"],"picked":"Cloak And Dagger","floor":8},{"not_picked":["Prepared","Concentrate"],"picked":"Crippling Poison","floor":10},{"not_picked":["Deflect","Dagger Throw"],"picked":"Outmaneuver","floor":11},{"not_picked":["Masterful Stab","Riddle With Holes"],"picked":"Noxious Fumes","floor":12},{"not_picked":["Finisher","Prepared"],"picked":"Heel Hook","floor":14},{"not_picked":["Slice","Deflect"],"picked":"Bane","floor":15},{"not_picked":["Phantasmal Killer","Envenom"],"picked":"A Thousand Cuts","floor":16},{"not_picked":["Dagger Throw","Acrobatics"],"picked":"Heel Hook","floor":18},{"not_picked":["Acrobatics","Underhanded Strike"],"picked":"Outmaneuver","floor":21}],"player_experience":361653,"potions_floor_usage":[8,8,14,16,21,24,24],"damage_taken":[{"damage":0,"enemies":"Cultist","floor":1,"turns":4},{"damage":3,"enemies":"2 Louse","floor":5,"turns":5},{"damage":8,"enemies":"Jaw Worm","floor":6,"turns":5},{"damage":11,"enemies":"Exordium Thugs","floor":7,"turns":8},{"damage":43,"enemies":"Gremlin Gang","floor":8,"turns":7},{"damage":0,"enemies":"2 Fungi Beasts","floor":11,"turns":4},{"damage":10,"enemies":"Large Slime","floor":12,"turns":6},{"damage":28,"enemies":"Gremlin Nob","floor":14,"turns":7},{"damage":12,"enemies":"The Guardian","floor":16,"turns":9},{"damage":15,"enemies":"Shell Parasite","floor":18,"turns":8},{"damage":38,"enemies":"2 Thieves","floor":21,"turns":5},{"damage":43,"enemies":"Gremlin Leader","floor":24,"turns":5}],"event_choices":[{"event_name":"Big Fish","player_choice":"Box","floor":4,"damage_taken":0},{"event_name":"The Cleric","player_choice":"Healed","floor":13,"damage_taken":0},{"event_name":"Transmorgrifier","player_choice":"Transform","floor":20,"damage_taken":0}],"boss_relics":[{"not_picked":["Runic Pyramid","Eternal Feather"],"picked":"Black Star"}],"potions_floor_spawned":[1,6,7,8,12,18,21],"seed_played":"-8787693157955695631","killed_by":"Gremlin Leader","ascension_level":3,"is_trial":false}