{"path_per_floor":["M","?","M","?","?","R","M","R","T","M","M","E","M","M","R","B",null,"M","$","?","M","M","R","E"],"character_chosen":"THE_SILENT","items_purchased":["Footwork","Bottled Tornado","Dodge and Roll"],"gold_per_floor":[112,112,129,304,304,304,323,323,323,348,369,408,424,418,418,543,543,556,123,123,144,165,165,209,209],"floor_reached":25,"campfire_rested":1,"playtime":3070,"current_hp_per_floor":[70,63,63,63,46,46,46,67,67,67,67,38,38,53,53,37,70,62,62,49,37,49,49,27,0],"items_purged":["Regret"],"gold":209,"score":250,"play_id":"345ece82-cc97-4b1e-b650-50c7270e67fb","local_time":"20180417124751","is_prod":false,"is_daily":false,"chose_seed":false,"is_ascension_mode":false,"campfire_upgraded":3,"timestamp":1523983671,"path_taken":["M","?","?","?","?","R","M","R","T","?","M","E","M","M","R","BOSS","M","$","?","M","M","R","E","M"],"build_version":"2018-04-12","seed_source_timestamp":155409821154414,"purchased_purges":1,"victory":false,"master_deck":["Defend_G","Defend_G","Defend_G","Defend_G","Defend_G","Survivor","Neutralize","Leg Sweep","Poisoned Stab+1","Dagger Throw","Leg Sweep","Footwork+1","Poisoned Stab","Die Die Die","Masterful Stab+1","Glass Knife+1","Bouncing Flask+1","Footwork+1","Dodge and Roll+1","Bite","Bite","Bite","Bite","Bite","Escape Plan+1","Unload"],"max_hp_per_floor":[70,70,70,70,70,70,70,70,70,70,70,70,70,70,70,70,70,70,70,49,49,49,49,49,49],"relics":["Ring of the Snake","Bag of Preparation","Golden Idol","Anchor","Toxic Egg 2","Astrolabe","Bottled Tornado","Bottled Lightning"],"card_choices":[{"not_picked":["Sucker Punch","Deflect"],"picked":"Leg Sweep","floor":1},{"not_picked":["PiercingWail","Prepared"],"picked":"Poisoned Stab","floor":3},{"not_picked":["Masterful Stab","Slice"],"picked":"Dagger Throw","floor":7},{"not_picked":["Dagger Throw","Deflect"],"picked":"Leg Sweep","floor":10},{"not_picked":["Doppelganger","Bane"],"picked":"Footwork","floor":12},{"not_picked":["Masterful Stab","Dagger Spray"],"picked":"Poisoned Stab","floor":14},{"not_picked":["Wraith Form v2","Glass Knife"],"picked":"Die Die Die","floor":16},{"not_picked":["PiercingWail","Slice"],"picked":"Bouncing Flask","floor":18},{"not_picked":["Expertise","Prepared"],"picked":"Escape Plan","floor":21},{"not_picked":["Dagger Spray","Skewer"],"picked":"Unload","floor":24}],"player_experience":43056,"potions_floor_usage":[12,14,16,16],"damage_taken":[{"damage":0,"enemies":"Jaw Worm","floor":1,"turns":6},{"damage":0,"enemies":"2 Louse","floor":3,"turns":5},{"damage":0,"enemies":"Small Slimes","floor":7,"turns":4},{"damage":0,"enemies":"Red Slaver","floor":10,"turns":7},{"damage":0,"enemies":"Exordium Wildlife","floor":11,"turns":6},{"damage":29,"enemies":"Gremlin Nob","floor":12,"turns":6},{"damage":0,"enemies":"Large Slime","floor":13,"turns":8},{"damage":0,"enemies":"Exordium Thugs","floor":14,"turns":9},{"damage":16,"enemies":"Hexaghost","floor":16,"turns":13},{"damage":8,"enemies":"Shell Parasite","floor":18,"turns":6},{"damage":14,"enemies":"Chosen","floor":21,"turns":7},{"damage":11,"enemies":"Centurion and Healer","floor":22,"turns":17},{"damage":28,"enemies":"Book of Stabbing","floor":24,"turns":7},{"damage":51,"enemies":"Cultist and Chosen","floor":25,"turns":9}],"event_choices":[{"event_name":"Golden Wing","player_choice":"Card Removal","floor":2,"damage_taken":0},{"event_name":"Liars Game","player_choice":"agreed","floor":4,"damage_taken":0},{"event_name":"Golden Idol","player_choice":"Take Damage","floor":5,"damage_taken":0},{"event_name":"Vampires","player_choice":"Became a vampire","floor":20,"damage_taken":0}],"boss_relics":[{"not_picked":["Sozu","Eternal Feather"],"picked":"Astrolabe"}],"potions_floor_spawned":[1,11,13,14,16,21],"seed_played":"5006365638449423654","killed_by":"Cultist and Chosen","ascension_level":0,"is_trial":false}