{"path_per_floor":["M","?","M","?","$","R","E","R","T","R","?","M","?","?","R","B",null,"M","M","?","?"],"character_chosen":"THE_SILENT","items_purchased":["Setup"],"gold_per_floor":[112,112,130,130,48,48,75,75,75,75,75,95,170,199,199,325,325,349,363,363,363,363],"floor_reached":22,"campfire_rested":1,"playtime":912,"current_hp_per_floor":[62,62,61,61,61,61,40,40,40,40,40,40,29,24,42,22,63,40,22,22,43,0],"items_purged":[],"gold":363,"score":207,"play_id":"b2cc5379-ff1b-4638-8844-d25dc0ff4594","local_time":"20180407210029","is_prod":false,"is_daily":false,"is_ascension_mode":true,"campfire_upgraded":3,"timestamp":1523127629,"path_taken":["M","?","M","?","$","R","E","R","T","R","?","?","?","?","R","BOSS","M","M","?","?","M"],"build_version":"2018-04-05v2","purchased_purges":0,"victory":false,"master_deck":["Defend_G","Defend_G","Defend_G","Defend_G","Defend_G","Strike_G","Strike_G","Strike_G","Strike_G","Survivor","Neutralize","Noxious Fumes+1","PiercingWail+1","Setup+1","Injury","Cloak And Dagger","Bullet Time","Backflip","Outmaneuver"],"max_hp_per_floor":[63,63,63,63,63,63,63,63,63,63,63,63,63,63,63,63,63,63,63,63,63,63],"relics":["Ring of the Snake","Tingsha","Orichalcum","Unceasing Top","Golden Idol","Odd Mushroom","Runic Pyramid","The Specimen"],"card_choices":[{"not_picked":["Prepared","Bane"],"picked":"Noxious Fumes","floor":1},{"not_picked":["Calculated Gamble","Underhanded Strike"],"picked":"PiercingWail","floor":3},{"not_picked":["Heel Hook","Reflex"],"picked":"Cloak And Dagger","floor":14},{"not_picked":["Tools of the Trade","A Thousand Cuts"],"picked":"Bullet Time","floor":16},{"not_picked":["Sucker Punch","Finisher"],"picked":"Backflip","floor":18},{"not_picked":["Blade Dance","Deflect"],"picked":"Outmaneuver","floor":19}],"player_experience":357091,"potions_floor_usage":[14,16],"damage_taken":[{"damage":1,"enemies":"Small Slimes","floor":1,"turns":4},{"damage":1,"enemies":"Jaw Worm","floor":3,"turns":5},{"damage":21,"enemies":"3 Sentries","floor":7,"turns":10},{"damage":0,"enemies":"Cultist","floor":12,"turns":4},{"damage":5,"enemies":"The Mushroom Lair","floor":14,"turns":5},{"damage":20,"enemies":"The Guardian","floor":16,"turns":14},{"damage":23,"enemies":"3 Byrds","floor":18,"turns":7},{"damage":18,"enemies":"Shell Parasite","floor":19,"turns":9},{"damage":47,"enemies":"3 Cultists","floor":22,"turns":5}],"event_choices":[{"event_name":"Liars Game","player_choice":"disagreed","floor":2,"damage_taken":0},{"event_name":"Purifier","player_choice":"One Purge","floor":4,"damage_taken":0},{"event_name":"Golden Idol","player_choice":"Take Wound","floor":11,"damage_taken":0},{"event_name":"World of Goop","player_choice":"Gather Gold","floor":13,"damage_taken":0},{"event_name":"Mushrooms","player_choice":"Fought Mushrooms","floor":14,"damage_taken":0},{"event_name":"The Mausoleum","player_choice":"Yes","floor":20,"damage_taken":0},{"event_name":"The Library","player_choice":"Heal","floor":21,"damage_taken":0}],"boss_relics":[{"not_picked":["Sozu","Ectoplasm"],"picked":"Runic Pyramid"}],"potions_floor_spawned":[7,12,14,18],"seed_played":"8300383265420403355","killed_by":"3 Cultists","ascension_level":3,"is_trial":false}