{"path_per_floor":["M","$","M","M","M","R","M","M","T","E","R","?","?","M","R","B",null,"M","$","M","?","?","M","?","R","T","M","R","M","R","?","R","B",null,"M"],"character_chosen":"THE_SILENT","items_purchased":["Leg Sweep","Gremlin Horn"],"gold_per_floor":[113,45,63,83,95,95,113,125,199,233,233,233,233,247,247,351,381,347,30,41,41,41,51,51,51,76,92,92,102,102,27,27,132,132,150,150],"floor_reached":36,"campfire_rested":3,"playtime":1463,"current_hp_per_floor":[61,61,61,58,56,56,49,42,52,54,54,38,38,38,62,51,78,38,38,26,26,26,30,58,58,58,39,64,48,48,48,73,54,77,24,18],"items_purged":["Strike_G"],"gold":150,"score":556,"play_id":"8eb559c6-9e76-4122-8293-10428edbe565","local_time":"20180408153022","is_prod":false,"is_daily":false,"is_ascension_mode":true,"campfire_upgraded":4,"timestamp":1523219422,"path_taken":["M","$","M","M","?","R","M","M","T","E","R","?","?","M","R","BOSS","M","$","M","?","?","M","?","R","T","M","R","M","R","?","R","BOSS","M","M"],"build_version":"2018-04-05v2","purchased_purges":1,"victory":false,"master_deck":["Defend_G","Defend_G","Defend_G","Defend_G","Defend_G","Strike_G","Survivor","Neutralize+1","PiercingWail","Leg Sweep+1","Calculated Gamble","All Out Attack+1","Backstab+1","Heel Hook","Predator+1","Deadly Poison","Footwork","Tools of the Trade","Dagger Spray","Dash","Noxious Fumes+1","Concentrate","Noxious Fumes+1","Footwork","Wraith Form","Blur+1"],"max_hp_per_floor":[70,70,70,70,70,70,70,70,80,80,80,80,80,80,80,80,85,85,85,85,85,85,85,85,85,85,85,85,85,85,85,85,85,85,85,85],"relics":["White Beast Statue","Pear","Du-Vu Doll","Tiny House","Gremlin Horn","Oddly Smooth Stone","Sozu"],"card_choices":[{"not_picked":["Acrobatics","Phantasmal Killer"],"picked":"PiercingWail","floor":1},{"not_picked":["Sucker Punch","Underhanded Strike"],"picked":"Calculated Gamble","floor":4},{"not_picked":["PiercingWail","Underhanded Strike"],"picked":"All Out Attack","floor":5},{"not_picked":["Acrobatics","PiercingWail"],"picked":"Backstab","floor":7},{"not_picked":["Backflip","Caltrops"],"picked":"Heel Hook","floor":8},{"not_picked":["Doppelganger","Choke"],"picked":"Predator","floor":10},{"not_picked":["Prepared","Poisoned Stab"],"picked":"Footwork","floor":14},{"not_picked":["Grand Finale","Phantasmal Killer"],"picked":"Tools of the Trade","floor":16},{"not_picked":["Slice","Acrobatics"],"picked":"Dagger Spray","floor":17},{"not_picked":["Acrobatics","Dodge and Roll"],"picked":"Dash","floor":18},{"not_picked":["Outmaneuver","Bane"],"picked":"Noxious Fumes","floor":20},{"not_picked":["Crippling Poison","Deadly Poison"],"picked":"Noxious Fumes","floor":27},{"not_picked":["Dagger Spray","Expertise"],"picked":"Footwork","floor":29},{"not_picked":["Burst","Tools of the Trade"],"picked":"Wraith Form","floor":33},{"not_picked":["Skewer","Deflect"],"picked":"Blur","floor":35}],"player_experience":444738,"potions_floor_usage":[8,10,10,16,23,33,33,33],"damage_taken":[{"damage":2,"enemies":"Cultist","floor":1,"turns":4},{"damage":0,"enemies":"2 Louse","floor":3,"turns":5},{"damage":3,"enemies":"Small Slimes","floor":4,"turns":4},{"damage":2,"enemies":"Blue Slaver","floor":5,"turns":6},{"damage":7,"enemies":"Looter","floor":7,"turns":5},{"damage":7,"enemies":"Gremlin Gang","floor":8,"turns":3},{"damage":13,"enemies":"3 Sentries","floor":10,"turns":10},{"damage":0,"enemies":"Large Slime","floor":14,"turns":3},{"damage":11,"enemies":"The Guardian","floor":16,"turns":12},{"damage":40,"enemies":"2 Thieves","floor":18,"turns":5},{"damage":12,"enemies":"Shell Parasite","floor":20,"turns":9},{"damage":11,"enemies":"Cultist and Chosen","floor":23,"turns":8},{"damage":19,"enemies":"Centurion and Healer","floor":27,"turns":8},{"damage":16,"enemies":"Snake Plant","floor":29,"turns":7},{"damage":34,"enemies":"Automaton","floor":33,"turns":12},{"damage":53,"enemies":"3 Darklings","floor":35,"turns":6},{"damage":6,"enemies":"Orb Walker","floor":36,"turns":5}],"event_choices":[{"event_name":"Shining Light","player_choice":"Entered Light","floor":12,"damage_taken":0},{"event_name":"Living Wall","player_choice":"Change","floor":13,"damage_taken":0},{"event_name":"Vampires","player_choice":"Ignored","floor":21,"damage_taken":0},{"event_name":"Transmorgrifier","player_choice":"Transform","floor":22,"damage_taken":0},{"event_name":"The Library","player_choice":"Heal","floor":24,"damage_taken":0},{"event_name":"Beggar","player_choice":"Gave Gold","floor":31,"damage_taken":0}],"boss_relics":[{"not_picked":["Velvet Choker","Snecko Eye"],"picked":"Tiny House"},{"not_picked":["Eternal Feather","Lizard Tail"],"picked":"Sozu"}],"potions_floor_spawned":[1,3,4,5,7,8,10,14,16,18,20,23,27,29,33,35],"seed_played":"7032436886535884792","killed_by":"Orb Walker","ascension_level":9,"is_trial":false}