{"path_per_floor":["M","M","M","M","M","E","M","R","T","$","M","?","R","M","R","B",null,"M","M","M","M"],"character_chosen":"THE_SILENT","items_purchased":["War Paint","Poisoned Stab"],"gold_per_floor":[117,135,135,150,169,199,219,219,245,44,55,55,55,75,75,178,178,197,212,223,238,238],"floor_reached":22,"campfire_rested":1,"playtime":2518,"current_hp_per_floor":[70,60,59,45,45,33,33,33,33,33,33,33,33,23,44,31,70,50,47,47,24,0],"items_purged":[],"gold":238,"score":194,"play_id":"fce54c0b-109d-4963-9ae3-c42dc6666a71","local_time":"20180416224215","is_prod":false,"is_daily":false,"chose_seed":false,"is_ascension_mode":false,"campfire_upgraded":2,"timestamp":1523914935,"path_taken":["M","M","M","M","M","E","M","R","T","$","M","?","R","?","R","BOSS","M","M","M","?","M"],"build_version":"2018-04-12","seed_source_timestamp":252175021379152,"purchased_purges":2,"victory":false,"master_deck":["Defend_G","Defend_G","Defend_G","Defend_G","Defend_G","Strike_G","Strike_G","Strike_G+1","Strike_G","Strike_G+1","Survivor+1","Neutralize","Terror","Caltrops+1","Die Die Die","Dodge and Roll","Adrenaline","Blade Dance+1","Poisoned Stab+1","Outmaneuver","Poisoned Stab","Adrenaline","Infinite Blades","Deadly Poison","Slice","A Thousand Cuts","Well Laid Plans","Leg Sweep+1","Deadly Poison+1","Infinite Blades+1","Underhanded Strike"],"max_hp_per_floor":[70,70,70,70,70,70,70,70,70,70,70,70,70,70,70,70,70,70,70,70,70,70],"relics":["Ring of the Snake","Vajra","Whetstone","War Paint","Orrery"],"card_choices":[{"not_picked":["Reflex","Dash"],"picked":"Terror","floor":1},{"not_picked":["Dodge and Roll","Quick Slash"],"picked":"Caltrops","floor":2},{"not_picked":["Flying Knee","Acrobatics"],"picked":"Die Die Die","floor":4},{"not_picked":["Sucker Punch","Acrobatics"],"picked":"Dodge and Roll","floor":5},{"not_picked":["Crippling Poison","Slice"],"picked":"Adrenaline","floor":6},{"not_picked":["Dodge and Roll","PiercingWail"],"picked":"Blade Dance","floor":7},{"not_picked":["Backflip","Sucker Punch"],"picked":"Outmaneuver","floor":11},{"not_picked":["Venomology","Flechettes"],"picked":"Poisoned Stab","floor":14},{"not_picked":["Venomology","Tools of the Trade"],"picked":"Adrenaline","floor":16},{"not_picked":["Prepared","Quick Slash"],"picked":"Infinite Blades","floor":17},{"not_picked":["All Out Attack","Acrobatics"],"picked":"Deadly Poison","floor":17},{"not_picked":["Backflip","Expertise"],"picked":"Slice","floor":17},{"not_picked":["Reflex","Malaise"],"picked":"A Thousand Cuts","floor":17},{"not_picked":["Terror","PiercingWail"],"picked":"Well Laid Plans","floor":17},{"not_picked":["Riddle With Holes","Flechettes"],"picked":"Leg Sweep","floor":18},{"not_picked":["Quick Slash","Eviscerate"],"picked":"Deadly Poison","floor":19},{"not_picked":["Expertise","Dagger Spray"],"picked":"Infinite Blades","floor":20},{"not_picked":["Dodge and Roll","Dagger Spray"],"picked":"Underhanded Strike","floor":21}],"player_experience":3102,"potions_floor_usage":[7,20],"damage_taken":[{"damage":0,"enemies":"2 Louse","floor":1,"turns":4},{"damage":10,"enemies":"Jaw Worm","floor":2,"turns":6},{"damage":1,"enemies":"Cultist","floor":3,"turns":4},{"damage":14,"enemies":"Gremlin Gang","floor":4,"turns":7},{"damage":0,"enemies":"Lots of Slimes","floor":5,"turns":1},{"damage":12,"enemies":"3 Sentries","floor":6,"turns":11},{"damage":0,"enemies":"Large Slime","floor":7,"turns":6},{"damage":0,"enemies":"Exordium Wildlife","floor":11,"turns":1},{"damage":10,"enemies":"Looter","floor":14,"turns":3},{"damage":13,"enemies":"Hexaghost","floor":16,"turns":8},{"damage":20,"enemies":"2 Thieves","floor":18,"turns":3},{"damage":3,"enemies":"Chosen","floor":19,"turns":4},{"damage":0,"enemies":"Snake Plant","floor":20,"turns":4},{"damage":23,"enemies":"3 Cultists","floor":21,"turns":5},{"damage":26,"enemies":"Centurion and Healer","floor":22,"turns":5}],"event_choices":[{"event_name":"Scrap Ooze","player_choice":"unsuccessful","floor":12,"damage_taken":0}],"boss_relics":[{"not_picked":["Runic Pyramid","Lizard Tail"],"picked":"Orrery"}],"potions_floor_spawned":[1,2,4,14,18,19],"seed_played":"-2947582955154152403","killed_by":"Centurion and Healer","ascension_level":0,"is_trial":false}