{"path_per_floor":["M","?","M","M","T","M","R","E","T","?","M","E","?","M","R","B",null,"M","$","M","M","M","R","?","R","T","?","?","E","$","?","R"],"character_chosen":"THE_SILENT","items_purchased":["Secret Weapon","Juzu Bracelet"],"gold_per_floor":[116,116,130,140,167,182,182,208,235,235,250,276,276,289,289,387,387,399,37,51,66,81,81,81,81,81,81,81,111,36,36,36,36],"floor_reached":33,"campfire_rested":2,"playtime":3373,"current_hp_per_floor":[70,56,56,56,56,55,55,35,35,35,35,34,34,20,41,5,70,24,24,24,14,14,35,35,35,35,31,28,19,19,19,19,0],"items_purged":["Defend_G"],"gold":36,"score":325,"play_id":"361af0a3-955f-435b-9ded-9de1b2f7c901","local_time":"20180417115629","is_prod":false,"is_daily":false,"chose_seed":false,"is_ascension_mode":false,"campfire_upgraded":3,"timestamp":1523980589,"path_taken":["M","?","?","?","?","M","R","E","T","?","M","E","?","M","R","BOSS","M","$","M","M","M","R","?","R","T","?","?","E","$","?","R","BOSS"],"build_version":"2018-04-12","seed_source_timestamp":152023586838306,"purchased_purges":1,"victory":false,"master_deck":["Defend_G+1","Defend_G","Defend_G","Defend_G","Survivor","Neutralize","Die Die Die","Skewer","Finisher+1","Dagger Throw","Outmaneuver","Blur","Doppelganger+1","Secret Weapon","Leg Sweep+1","Ghostly+1","Ghostly+1","Ghostly","Ghostly","Ghostly+1","Bite","Bite","Bite","Bite","Bite"],"max_hp_per_floor":[70,70,70,70,70,70,70,70,70,70,70,70,70,70,70,70,70,70,70,70,70,70,70,35,35,35,40,28,28,28,28,28,28],"relics":["Ring of the Snake","Oddly Smooth Stone","Gremlin Horn","Snake Skull","Mummified Hand","Velvet Choker","Juzu Bracelet","Bag of Preparation","War Paint"],"card_choices":[{"not_picked":["Expertise","Backstab"],"picked":"Skewer","floor":1},{"not_picked":["Caltrops","Poisoned Stab"],"picked":"Finisher","floor":3},{"not_picked":["Dagger Spray","Quick Slash"],"picked":"Dagger Throw","floor":6},{"not_picked":["PiercingWail","Deadly Poison"],"picked":"Outmaneuver","floor":8},{"not_picked":["Well Laid Plans","Adrenaline"],"picked":"Blur","floor":11},{"not_picked":["Tools of the Trade","Tactician"],"picked":"Doppelganger","floor":16},{"not_picked":["Choke","Backflip"],"picked":"Leg Sweep","floor":20}],"player_experience":39683,"potions_floor_usage":[8,12,16,16,20,22,29,33],"damage_taken":[{"damage":0,"enemies":"2 Louse","floor":1,"turns":2},{"damage":0,"enemies":"Jaw Worm","floor":3,"turns":3},{"damage":0,"enemies":"Small Slimes","floor":4,"turns":2},{"damage":1,"enemies":"Red Slaver","floor":6,"turns":4},{"damage":20,"enemies":"Gremlin Nob","floor":8,"turns":4},{"damage":0,"enemies":"Gremlin Gang","floor":11,"turns":1},{"damage":1,"enemies":"Lagavulin","floor":12,"turns":5},{"damage":14,"enemies":"Exordium Thugs","floor":14,"turns":7},{"damage":51,"enemies":"Hexaghost","floor":16,"turns":17},{"damage":46,"enemies":"Chosen","floor":18,"turns":8},{"damage":0,"enemies":"Shell Parasite","floor":20,"turns":7},{"damage":10,"enemies":"Centurion and Healer","floor":21,"turns":14},{"damage":0,"enemies":"Snecko","floor":22,"turns":4},{"damage":18,"enemies":"Slavers","floor":29,"turns":9},{"damage":59,"enemies":"Collector","floor":33,"turns":6}],"event_choices":[{"event_name":"Shining Light","player_choice":"Entered Light","floor":2,"damage_taken":0},{"event_name":"The Lab","player_choice":"Got Potions","floor":10,"damage_taken":0},{"event_name":"Purifier","player_choice":"One Purge","floor":13,"damage_taken":0},{"event_name":"Ghosts","player_choice":"Became a Ghost","floor":24,"damage_taken":0},{"event_name":"Forgotten Altar","player_choice":"Shed Blood","floor":27,"damage_taken":0},{"event_name":"Vampires","player_choice":"Became a vampire","floor":28,"damage_taken":0},{"event_name":"Beggar","player_choice":"Ignored","floor":31,"damage_taken":0}],"boss_relics":[{"not_picked":["Calling Bell","Runic Pyramid"],"picked":"Velvet Choker"}],"potions_floor_spawned":[1,3,14,18,22,29],"seed_played":"518283869843014629","killed_by":"Collector","ascension_level":0,"is_trial":false}