{"path_per_floor":["M","?","?","M","$","E","R","M","T","$","E","M","?","M","R","B",null,"M","?","?","M","M","E","?","E","T","T","M","$","M","R","B",null,"M","$","?","M","$","M","?","R","T","M","M","E","R","?","R","B"],"character_chosen":"THE_SILENT","items_purchased":["Apotheosis","Footwork","Happy Flower","Regen Potion","Energy Potion"],"gold_per_floor":[417,417,367,383,54,86,86,101,101,1,29,39,39,55,55,157,157,174,174,174,186,206,233,233,267,293,375,393,17,33,33,131,131,148,148,128,139,139,153,153,153,153,163,176,211,211,211,211,211],"floor_reached":50,"campfire_rested":3,"playtime":8287,"current_hp_per_floor":[70,70,70,70,70,44,44,44,44,44,42,42,42,42,63,49,70,68,68,68,62,62,60,60,60,60,60,44,44,44,66,66,75,75,75,75,69,69,69,69,69,69,69,69,64,75,75,75,75],"items_purged":["Defend_G","Defend_G","Strike_G"],"gold":211,"score":822,"play_id":"95c56b9f-3fdf-4f15-a8a1-51f70e1a571f","local_time":"20180417220829","is_prod":false,"is_daily":false,"chose_seed":false,"is_ascension_mode":false,"campfire_upgraded":3,"timestamp":1524017309,"path_taken":["M","?","?","?","$","E","R","M","T","$","E","M","?","M","R","BOSS","M","?","?","M","?","E","?","E","T","?","?","M","$","?","R","BOSS","M","$","?","?","?","M","?","R","T","M","M","E","R","?","R","BOSS"],"build_version":"2018-04-12","seed_source_timestamp":181987324769359,"purchased_purges":4,"victory":true,"master_deck":["Defend_G","Defend_G","Defend_G","Survivor","Neutralize","Blade Dance","Apotheosis+1","Footwork+1","Burst+1","A Thousand Cuts","Deadly Poison+1","Glass Knife+1","Tools of the Trade+1","Dodge and Roll","Blur","Deadly Poison+1"],"max_hp_per_floor":[70,70,70,70,70,70,70,70,70,70,70,70,70,70,70,70,70,70,70,70,70,70,70,70,70,70,70,75,75,75,75,75,75,75,75,75,75,75,75,75,75,75,75,75,75,75,75,75,75],"relics":["Ring of the Snake","Old Coin","Lantern","Bag of Preparation","Omamori","Calipers","Astrolabe","Vajra","Unceasing Top","Bronze Scales","Bottled Tornado","Happy Flower","Cursed Key","Ornamental Fan"],"card_choices":[{"not_picked":["Backflip","Underhanded Strike"],"picked":"Blade Dance","floor":1.0},{"not_picked":["Caltrops","Dagger Spray"],"picked":"Burst","floor":12.0},{"not_picked":["Glass Knife","Corpse Explosion"],"picked":"A Thousand Cuts","floor":16.0},{"not_picked":["Endless Agony","Eviscerate"],"picked":"Dodge and Roll","floor":18.0},{"not_picked":["Noxious Fumes","Slice"],"picked":"Blur","floor":22.0},{"not_picked":["Heel Hook","Sucker Punch"],"picked":"Deadly Poison","floor":34}],"player_experience":48236,"potions_floor_usage":[32],"damage_taken":[{"damage":0.0,"enemies":"2 Louse","floor":1.0,"turns":4.0},{"damage":0.0,"enemies":"Cultist","floor":4.0,"turns":5.0},{"damage":26.0,"enemies":"Gremlin Nob","floor":6.0,"turns":5.0},{"damage":0.0,"enemies":"Jaw Worm","floor":8.0,"turns":4.0},{"damage":2.0,"enemies":"Lagavulin","floor":11.0,"turns":7.0},{"damage":0.0,"enemies":"2 Fungi Beasts","floor":12.0,"turns":3.0},{"damage":0.0,"enemies":"Red Slaver","floor":14.0,"turns":4.0},{"damage":14.0,"enemies":"The Guardian","floor":16.0,"turns":18.0},{"damage":2.0,"enemies":"Shell Parasite","floor":18.0,"turns":5.0},{"damage":6.0,"enemies":"Spheric Guardian","floor":21.0,"turns":5.0},{"damage":0.0,"enemies":"Snecko","floor":22.0,"turns":5.0},{"damage":2.0,"enemies":"Book of Stabbing","floor":23.0,"turns":8.0},{"damage":0.0,"enemies":"Slavers","floor":25.0,"turns":8.0},{"damage":1.0,"enemies":"Snake Plant","floor":28.0,"turns":6.0},{"damage":2,"enemies":"3 Cultists","floor":28,"turns":5},{"damage":0,"enemies":"Centurion and Healer","floor":30,"turns":8},{"damage":0,"enemies":"Automaton","floor":32,"turns":12},{"damage":0,"enemies":"3 Darklings","floor":34,"turns":5},{"damage":6,"enemies":"3 Shapes","floor":37,"turns":7},{"damage":0,"enemies":"Maw","floor":39,"turns":7},{"damage":0,"enemies":"3 Darklings","floor":43,"turns":5},{"damage":0,"enemies":"Sphere and 2 Shapes","floor":44,"turns":8},{"damage":5,"enemies":"2 Orb Walkers","floor":45,"turns":7},{"damage":0,"enemies":"Time Eater","floor":49,"turns":16}],"event_choices":[{"event_name":"Purifier","player_choice":"One Purge","floor":2.0,"damage_taken":0.0},{"event_name":"The Cleric","player_choice":"Card Removal","floor":3.0,"damage_taken":0.0},{"event_name":"Accursed Blacksmith","player_choice":"Rummage","floor":13.0,"damage_taken":0.0},{"event_name":"Ghosts","player_choice":"Ignored","floor":19.0,"damage_taken":0.0},{"event_name":"Match and Keep!","player_choice":"0 cards matched","floor":20.0,"damage_taken":0.0},{"event_name":"Drug Dealer","player_choice":"Ignored","floor":24.0,"damage_taken":0.0},{"event_name":"Forgotten Altar","player_choice":"Shed Blood","floor":28,"damage_taken":0},{"event_name":"The Woman in Blue","player_choice":"Bought 1 Potion","floor":36,"damage_taken":0},{"event_name":"The Lab","player_choice":"Got Potions","floor":40,"damage_taken":0},{"event_name":"Mysterious Sphere","player_choice":"Ignore","floor":47,"damage_taken":0}],"boss_relics":[{"not_picked":["Black Star","White Beast Statue"],"picked":"Cursed Key"}],"potions_floor_spawned":[1,6,8,11,14,22,25,28,37,39,45],"seed_played":"5487537638949726360","ascension_level":0,"is_trial":false}