{"path_per_floor":["M","M","M","?","M","R","E","M","T","M","M","R","$","M","R","B"],"character_chosen":"THE_SILENT","items_purchased":[],"gold_per_floor":[16,34,52,52,70,70,98,118,118,133,143,143,143,156,156,253,253],"floor_reached":17,"campfire_rested":1,"playtime":643,"current_hp_per_floor":[63,63,57,62,58,58,32,27,37,26,22,47,47,38,38,20,20],"items_purged":[],"gold":253,"score":283,"play_id":"96f382b0-bb56-462a-b0fb-c3caab211b4f","local_time":"20180418205422","is_prod":false,"is_daily":false,"chose_seed":false,"is_ascension_mode":true,"campfire_upgraded":2,"timestamp":1524102862,"path_taken":["M","M","M","?","?","R","E","M","T","M","M","R","$","M","R","BOSS"],"build_version":"2018-04-12","seed_source_timestamp":347244196019933,"purchased_purges":1,"victory":false,"master_deck":["Defend_G","Defend_G","Defend_G","Defend_G","Strike_G","Survivor","Neutralize","AscendersBane","All Out Attack+1","Catalyst","Malaise","Backstab","Escape Plan","Night Terror+1","Catalyst","Backflip","Wraith Form v2","Grand Finale+1","Wraith Form v2+1","Malaise+1"],"max_hp_per_floor":[70,70,70,75,75,75,75,75,85,85,85,85,85,85,85,85,85],"relics":["Ring of the Snake","Smiling Mask","Pear","Astrolabe"],"card_choices":[{"not_picked":["Deflect","Outmaneuver"],"picked":"All Out Attack","floor":1},{"not_picked":["Deflect","Sucker Punch"],"picked":"Catalyst","floor":2},{"not_picked":["Dodge and Roll","Expertise"],"picked":"Malaise","floor":5},{"not_picked":["Cloak And Dagger","Quick Slash"],"picked":"Backstab","floor":7},{"not_picked":["Cloak And Dagger","Dagger Spray"],"picked":"Escape Plan","floor":8},{"not_picked":["Cloak And Dagger","All Out Attack"],"picked":"Night Terror","floor":10},{"not_picked":["Cloak And Dagger","Malaise"],"picked":"Catalyst","floor":11},{"not_picked":["Eviscerate","Predator"],"picked":"Backflip","floor":14},{"not_picked":["A Thousand Cuts","Corpse Explosion"],"picked":"Wraith Form v2","floor":16}],"player_experience":480973,"potions_floor_usage":[16,16],"damage_taken":[{"damage":0,"enemies":"2 Louse","floor":1,"turns":4},{"damage":0,"enemies":"Cultist","floor":2,"turns":4},{"damage":6,"enemies":"Jaw Worm","floor":3,"turns":6},{"damage":4,"enemies":"Blue Slaver","floor":5,"turns":4},{"damage":26,"enemies":"3 Sentries","floor":7,"turns":9},{"damage":5,"enemies":"Looter","floor":8,"turns":3},{"damage":11,"enemies":"Exordium Wildlife","floor":10,"turns":4},{"damage":4,"enemies":"Gremlin Gang","floor":11,"turns":6},{"damage":9,"enemies":"Blue Slaver","floor":14,"turns":2},{"damage":18,"enemies":"Slime Boss","floor":16,"turns":11}],"event_choices":[{"event_name":"Big Fish","player_choice":"Donut","floor":4,"damage_taken":0}],"boss_relics":[{"not_picked":["Runic Dome","Philosopher\u0027s Stone"],"picked":"Astrolabe"}],"potions_floor_spawned":[3,8,11,14,16],"seed_played":"-2044661160237293355","ascension_level":12,"is_trial":false}