{"path_per_floor":["M","M","?","M","M","R","E","$","T","?","R","E","R","?","R","B",null,"M","M","?","M","?","R","E","R","T","R","M","E","M","M","R"],"character_chosen":"THE_SILENT","items_purchased":["Backflip"],"gold_per_floor":[99,99,99,99,54,54,54,14,14,14,14,14,14,14,14,14,14,14,14,14,14,14,14,14,14,14,14,14,14,14,14,14,14],"floor_reached":33,"campfire_rested":4,"playtime":1372,"current_hp_per_floor":[62,59,64,62,59,59,26,26,26,26,48,38,38,38,38,31,64,55,55,55,43,43,65,30,30,30,52,42,26,38,37,59,0],"items_purged":[],"gold":14,"score":472,"play_id":"abdf9679-97bf-4e38-bd56-35e57b874f6c","local_time":"20180418074146","is_prod":false,"is_daily":false,"chose_seed":false,"is_ascension_mode":true,"campfire_upgraded":4,"timestamp":1524055306,"path_taken":["M","M","?","M","M","R","E","$","T","?","R","E","R","?","R","BOSS","M","M","?","M","?","R","E","R","T","R","M","E","?","M","R","BOSS"],"build_version":"2018-04-12","seed_source_timestamp":298951564037040,"purchased_purges":0,"victory":false,"master_deck":["Defend_G","Defend_G","Defend_G","Defend_G","Defend_G","Strike_G","Strike_G","Strike_G","Strike_G","Strike_G","Survivor","Neutralize+1","AscendersBane","Endless Agony","Backstab","Noxious Fumes+1","Dash+1","Backflip","Adrenaline","Tools of the Trade","All Out Attack","Acrobatics+1","Dash+1","Wraith Form v2","Dash+1","Terror","Malaise"],"max_hp_per_floor":[70,70,75,75,75,75,75,75,75,75,75,75,75,75,75,75,75,75,75,75,75,75,75,75,75,75,75,75,75,75,75,75,75],"relics":["Ectoplasm","The Courier","Oddly Smooth Stone","Calipers","Odd Mushroom","Black Star","Old Coin","Sundial","Meat on the Bone","Omamori","Dream Catcher"],"card_choices":[{"not_picked":["Acrobatics","Riddle With Holes"],"picked":"Endless Agony","floor":1},{"not_picked":["Escape Plan","Sucker Punch"],"picked":"Backstab","floor":2},{"not_picked":["Acrobatics","Dagger Throw"],"picked":"Noxious Fumes","floor":4},{"not_picked":["Sucker Punch","Acrobatics"],"picked":"Dash","floor":5},{"not_picked":["Dagger Spray","Terror"],"picked":"Adrenaline","floor":12},{"not_picked":["Corpse Explosion","Doppelganger"],"picked":"Tools of the Trade","floor":16},{"not_picked":["Deflect","Sucker Punch"],"picked":"All Out Attack","floor":19},{"not_picked":["Noxious Fumes","Masterful Stab"],"picked":"Acrobatics","floor":21},{"not_picked":["Escape Plan","Cloak And Dagger"],"picked":"Dash","floor":24},{"not_picked":["Sucker Punch","Poisoned Stab"],"picked":"Wraith Form v2","floor":29},{"not_picked":["Concentrate","Calculated Gamble"],"picked":"Dash","floor":30},{"not_picked":["Dagger Throw","Outmaneuver"],"picked":"Terror","floor":31},{"not_picked":["Dodge and Roll","Sucker Punch"],"picked":"Malaise","floor":32}],"player_experience":478625,"potions_floor_usage":[18,21,24,24,29,29,33],"damage_taken":[{"damage":1,"enemies":"Small Slimes","floor":1,"turns":5},{"damage":3,"enemies":"Jaw Worm","floor":2,"turns":5},{"damage":2,"enemies":"Cultist","floor":4,"turns":4},{"damage":3,"enemies":"Looter","floor":5,"turns":4},{"damage":33,"enemies":"Gremlin Nob","floor":7,"turns":5},{"damage":10,"enemies":"Lagavulin","floor":12,"turns":8},{"damage":0,"enemies":"The Mushroom Lair","floor":14,"turns":4},{"damage":7,"enemies":"Hexaghost","floor":16,"turns":11},{"damage":9,"enemies":"Chosen","floor":18,"turns":6},{"damage":0,"enemies":"Shell Parasite","floor":19,"turns":6},{"damage":24,"enemies":"Sentry and Sphere","floor":21,"turns":6},{"damage":35,"enemies":"Gremlin Leader","floor":24,"turns":9},{"damage":22,"enemies":"Snake Plant","floor":28,"turns":6},{"damage":28,"enemies":"Slavers","floor":29,"turns":7},{"damage":0,"enemies":"Snecko","floor":30,"turns":5},{"damage":13,"enemies":"3 Cultists","floor":31,"turns":7},{"damage":86,"enemies":"Automaton","floor":33,"turns":12}],"event_choices":[{"event_name":"Big Fish","player_choice":"Donut","floor":3,"damage_taken":0},{"event_name":"Dead Adventurer","player_choice":"Searched \u00272\u0027 times","floor":10,"damage_taken":0},{"event_name":"Mushrooms","player_choice":"Fought Mushrooms","floor":14,"damage_taken":0},{"event_name":"Addict","player_choice":"Ignored","floor":20,"damage_taken":0},{"event_name":"Cursed Tome","player_choice":"Ignored","floor":22,"damage_taken":0}],"boss_relics":[{"not_picked":["Lizard Tail","Velvet Choker"],"picked":"Black Star"}],"potions_floor_spawned":[1,5,14,18,21,28,31],"seed_played":"-3179695345063153112","killed_by":"Automaton","ascension_level":12,"is_trial":false}