{"path_per_floor":["M","?","$","?","M","R","E","R","T","R","M","M","M","$","R","B",null,"M","?","?","$","M","R","?","E","T","R","?","M","R","M","R","B",null,"M","?","M","$","?","R","?","R","T","?","$","M","?","M","R"],"character_chosen":"IRONCLAD","items_purchased":["Apotheosis"],"gold_per_floor":[111,111,36,36,47,47,81,81,81,81,101,117,131,31,31,131,131,144,144,144,44,56,56,56,86,86,86,86,104,104,119,119,222,222,242,242,262,0,47,47,47,47,74,74,74,84,84,98,98,98],"floor_reached":50,"campfire_rested":1,"playtime":2939,"current_hp_per_floor":[39,39,39,39,41,41,25,25,25,25,35,45,54,54,54,9,102,95,95,95,95,94,94,94,45,45,45,22,28,28,25,61,7,123,127,127,115,115,100,100,100,100,100,90,90,88,70,66,66,0],"items_purged":["Regret","Strike_R","Writhe","Strike_R"],"gold":98,"score":529,"play_id":"21ff7a4b-cccd-458f-be99-95b25e13e1c9","local_time":"20180416220959","is_prod":false,"is_daily":false,"chose_seed":false,"is_ascension_mode":true,"campfire_upgraded":10,"timestamp":1523941799,"path_taken":["M","?","$","?","M","R","E","R","T","R","M","M","?","$","R","BOSS","M","?","?","$","M","R","?","E","T","R","?","M","R","M","R","BOSS","M","?","M","?","?","R","?","R","T","?","$","M","?","M","R","BOSS"],"build_version":"2018-04-12","seed_source_timestamp":35088595815933,"purchased_purges":5,"victory":false,"master_deck":["Defend_R+1","Defend_R","Defend_R","Defend_R+1","Bash+1","Feed+1","Sentinel+1","Flame Barrier+1","Flame Barrier+1","Burning Pact+1","Seeing Red","Offering+1","True Grit+1","Clothesline+1","Clothesline+1","Offering","Feed+1","Apotheosis","Madness","Madness"],"max_hp_per_floor":[83,83,83,83,86,86,90,90,90,90,94,98,102,102,102,102,102,106,106,106,106,110,110,110,110,110,110,115,119,119,123,123,123,123,127,127,134,134,142,142,142,142,142,142,142,142,142,150,150,150],"relics":["Burning Blood","Dream Catcher","War Paint","Mummified Hand","Snecko Eye","The Courier","Omamori","Blue Candle","Sozu","Du-Vu Doll","Ancient Tea Set"],"card_choices":[{"not_picked":["Berserk","Exhume"],"picked":"Feed","floor":0},{"not_picked":["Burning Pact","Uppercut"],"picked":"Sentinel","floor":1},{"not_picked":["Feel No Pain","Shrug It Off"],"picked":"Flame Barrier","floor":5},{"not_picked":["Offering","Anger"],"picked":"Flame Barrier","floor":7},{"not_picked":["Warcry","Clash"],"picked":"Burning Pact","floor":11},{"not_picked":["Havoc","Evolve"],"picked":"Seeing Red","floor":13},{"not_picked":["Berserk","Juggernaut"],"picked":"Offering","floor":16},{"not_picked":["Whirlwind","Thunderclap"],"picked":"Clothesline","floor":25},{"not_picked":["Iron Wave","Havoc"],"picked":"Clothesline","floor":29},{"not_picked":["Clothesline","Seeing Red"],"picked":"Offering","floor":32},{"not_picked":["Demon Form","Fiend Fire"],"picked":"Feed","floor":33}],"player_experience":72939,"potions_floor_usage":[7,16,16,16,25,33,33,50],"damage_taken":[{"damage":10,"enemies":"Jaw Worm","floor":1,"turns":4},{"damage":7,"enemies":"Cultist","floor":5,"turns":6},{"damage":26,"enemies":"3 Sentries","floor":7,"turns":12},{"damage":0,"enemies":"Small Slimes","floor":11,"turns":3},{"damage":0,"enemies":"Looter","floor":12,"turns":4},{"damage":1,"enemies":"Exordium Thugs","floor":13,"turns":8},{"damage":51,"enemies":"Slime Boss","floor":16,"turns":22},{"damage":17,"enemies":"Spheric Guardian","floor":18,"turns":6},{"damage":11,"enemies":"3 Byrds","floor":22,"turns":3},{"damage":55,"enemies":"Gremlin Leader","floor":25,"turns":9},{"damage":4,"enemies":"Centurion and Healer","floor":29,"turns":4},{"damage":13,"enemies":"Snake Plant","floor":31,"turns":4},{"damage":60,"enemies":"Collector","floor":33,"turns":18},{"damage":6,"enemies":"Orb Walker","floor":35,"turns":6},{"damage":25,"enemies":"3 Shapes","floor":37,"turns":9},{"damage":29,"enemies":"Mysterious Sphere","floor":39,"turns":9},{"damage":8,"enemies":"3 Darklings","floor":46,"turns":6},{"damage":18,"enemies":"Sphere and 2 Shapes","floor":48,"turns":8},{"damage":73,"enemies":"Donu and Deca","floor":50,"turns":9}],"event_choices":[{"event_name":"Big Fish","player_choice":"Box","floor":2,"damage_taken":0},{"event_name":"Wheel of Change","player_choice":"Card Removal","floor":4,"damage_taken":0},{"event_name":"Vampires","player_choice":"Ignored","floor":19,"damage_taken":0},{"event_name":"The Mausoleum","player_choice":"Yes","floor":20,"damage_taken":0},{"event_name":"Transmorgrifier","player_choice":"Transform","floor":24,"damage_taken":0},{"event_name":"Forgotten Altar","player_choice":"Shed Blood","floor":28,"damage_taken":0},{"event_name":"Tomb of Lord Red Mask","player_choice":"Ignored","floor":36,"damage_taken":0},{"event_name":"Mysterious Sphere","player_choice":"Fight","floor":39,"damage_taken":0},{"event_name":"SensoryStone","player_choice":"Memory 3","floor":44,"damage_taken":0},{"event_name":"Winding Halls","player_choice":"Embrace Madness","floor":47,"damage_taken":0}],"boss_relics":[{"not_picked":["Mark of Pain","Calling Bell"],"picked":"Snecko Eye"},{"not_picked":["Lizard Tail","White Beast Statue"],"picked":"Sozu"}],"potions_floor_spawned":[1,5,11,12,18,22,31,33,35,37],"seed_played":"8225455787921352920","killed_by":"Donu and Deca","ascension_level":1,"is_trial":false}