{"path_per_floor":["M","?","M","M","M","E","?","$","T","?","R","M","?","$","R","B",null,"M","M","M","$","M","R","$","E","T","E","M","M","M","?","R","B",null,"M","M","M","M","$","R","M","M","T","?","R","$","M","M","R","B"],"character_chosen":"IRONCLAD","items_purchased":["Bludgeon","Battle Trance","True Grit","Metallicize","Secret Weapon","Flex","Spot Weakness","Dual Wield","True Grit","Master of Strategy"],"gold_per_floor":[368,368,380,395,409,438,438,170,221,321,321,341,363,22,22,119,119,134,150,170,36,49,49,23,51,77,109,123,137,155,155,155,257,257,274,287,305,321,123,123,137,155,155,155,155,30,47,58,58,58],"floor_reached":51,"campfire_rested":2,"playtime":5026,"current_hp_per_floor":[72,72,63,69,59,36,36,36,36,36,36,42,48,48,48,27,72,69,72,68,68,60,60,60,58,58,51,56,53,46,30,30,15,82,53,46,30,41,41,65,50,36,36,26,50,50,35,41,41,25],"items_purged":["Strike_R","Strike_R","Parasite"],"gold":58,"score":720,"play_id":"6b1d7f51-21e5-4fef-b49e-73c53666be89","local_time":"20180413121041","is_prod":false,"is_daily":false,"chose_seed":false,"is_ascension_mode":false,"campfire_upgraded":5,"timestamp":1523646641,"path_taken":["M","?","?","M","M","E","?","$","T","?","R","?","?","$","R","BOSS","M","M","M","$","M","R","$","E","T","E","M","M","M","?","R","BOSS","M","M","M","M","$","R","M","M","T","?","R","$","M","?","R","BOSS"],"build_version":"2018-04-12","seed_source_timestamp":142840175970168,"purchased_purges":5,"victory":true,"master_deck":["Strike_R","Strike_R","Strike_R","Defend_R","Defend_R","Defend_R","Bash","Carnage+1","Rage+1","Inflame","Armaments+1","Seeing Red+1","Twin Strike","Bludgeon+1","Battle Trance+1","True Grit+1","Seeing Red+1","True Grit+1","Metallicize+1","Secret Weapon+1","Flex+1","Spot Weakness+1","Limit Break+1","Heavy Blade+1","Metallicize","Shrug It Off+1","Dual Wield+1","Warcry+1","True Grit+1","Demon Form","Burning Pact+1","Infernal Blade+1","Spot Weakness+1","Entrench+1","Bandage Up+1","Dark Embrace+1","Pummel+1","Iron Wave+1","Carnage+1","Warcry+1","Master of Strategy+1","Warcry+1","Thunderclap+1","Mind Blast","Mind Blast","Secret Weapon+1","Iron Wave+1","Seeing Red+1"],"max_hp_per_floor":[72,72,72,72,72,72,72,72,72,72,72,72,72,72,72,72,72,72,72,72,72,72,72,72,72,72,82,82,82,82,82,82,82,82,82,82,82,82,82,82,82,82,82,82,82,79,79,79,79,79],"relics":["Burning Blood","Toxic Egg 2","Happy Flower","Anchor","Odd Mushroom","Mark of Pain","Oddly Smooth Stone","Ancient Tea Set","Pear","Cursed Key","Bronze Scales"],"card_choices":[{"not_picked":["True Grit","Pommel Strike"],"picked":"Carnage","floor":1},{"not_picked":["Shrug It Off","Perfected Strike"],"picked":"Rage","floor":3},{"not_picked":["Heavy Blade","Corruption"],"picked":"Inflame","floor":4},{"not_picked":["Carnage","Dual Wield"],"picked":"Armaments","floor":5},{"not_picked":["Reckless Charge","Impervious"],"picked":"Seeing Red","floor":6},{"not_picked":["Whirlwind","Second Wind"],"picked":"Seeing Red","floor":12},{"not_picked":["Dropkick","Reckless Charge"],"picked":"True Grit","floor":13},{"not_picked":["Juggernaut","Bludgeon"],"picked":"Limit Break","floor":16},{"not_picked":["Iron Wave","Headbutt"],"picked":"Heavy Blade","floor":18},{"not_picked":["Cleave","Shockwave"],"picked":"Metallicize","floor":19},{"not_picked":["Clothesline","Combust"],"picked":"Shrug It Off","floor":20},{"not_picked":["Blood for Blood","Iron Wave"],"picked":"Warcry","floor":22},{"not_picked":["Body Slam","Heavy Blade"],"picked":"Demon Form","floor":25},{"not_picked":["Iron Wave","Feel No Pain"],"picked":"Burning Pact","floor":27},{"not_picked":["Thunderclap","Carnage"],"picked":"Infernal Blade","floor":28},{"not_picked":["Cleave","Shrug It Off"],"picked":"Spot Weakness","floor":29},{"not_picked":["Searing Blow","Twin Strike"],"picked":"Entrench","floor":30},{"not_picked":["Reaper","Fiend Fire"],"picked":"Dark Embrace","floor":33},{"not_picked":["Second Wind","Sever Soul"],"picked":"Pummel","floor":35},{"not_picked":["Blood for Blood","Clash"],"picked":"Iron Wave","floor":36},{"not_picked":["Twin Strike","Hemokinesis"],"picked":"Carnage","floor":37},{"not_picked":["Thunderclap","Hemokinesis"],"picked":"Warcry","floor":38},{"not_picked":["Whirlwind","Clothesline"],"picked":"Warcry","floor":41},{"not_picked":["Armaments","Cleave"],"picked":"Thunderclap","floor":42},{"not_picked":["Panacea","Good Instincts"],"picked":"Mind Blast","floor":44},{"not_picked":["Panacea","Good Instincts"],"picked":"Mind Blast","floor":44},{"not_picked":["Jack Of All Trades","Panache"],"picked":"Secret Weapon","floor":44},{"not_picked":["Pommel Strike","Body Slam"],"picked":"Iron Wave","floor":47},{"not_picked":["Reckless Charge","Headbutt"],"picked":"Seeing Red","floor":48}],"player_experience":14362,"potions_floor_usage":[6,16,16,25,30,33,33,33,47,50,50],"damage_taken":[{"damage":6,"enemies":"Cultist","floor":1,"turns":3},{"damage":15,"enemies":"Small Slimes","floor":3,"turns":2},{"damage":0,"enemies":"2 Louse","floor":4,"turns":2},{"damage":16,"enemies":"Lots of Slimes","floor":5,"turns":5},{"damage":29,"enemies":"Lagavulin","floor":6,"turns":7},{"damage":0,"enemies":"Looter","floor":12,"turns":1},{"damage":0,"enemies":"The Mushroom Lair","floor":13,"turns":3},{"damage":27,"enemies":"Hexaghost","floor":16,"turns":5},{"damage":9,"enemies":"Shell Parasite","floor":18,"turns":5},{"damage":0,"enemies":"Chosen","floor":19,"turns":3},{"damage":10,"enemies":"Centurion and Healer","floor":20,"turns":7},{"damage":14,"enemies":"Snake Plant","floor":22,"turns":5},{"damage":8,"enemies":"Book of Stabbing","floor":25,"turns":5},{"damage":23,"enemies":"Slavers","floor":27,"turns":6},{"damage":1,"enemies":"Snecko","floor":28,"turns":4},{"damage":9,"enemies":"Cultist and Chosen","floor":29,"turns":5},{"damage":13,"enemies":"Centurion and Healer","floor":30,"turns":4},{"damage":27,"enemies":"Collector","floor":33,"turns":9},{"damage":41,"enemies":"3 Shapes","floor":35,"turns":4},{"damage":19,"enemies":"3 Darklings","floor":36,"turns":8},{"damage":28,"enemies":"Maw","floor":37,"turns":9},{"damage":1,"enemies":"Sphere and 2 Shapes","floor":38,"turns":4},{"damage":27,"enemies":"3 Darklings","floor":41,"turns":5},{"damage":20,"enemies":"4 Shapes","floor":42,"turns":6},{"damage":27,"enemies":"Maw","floor":47,"turns":5},{"damage":0,"enemies":"Sphere and 2 Shapes","floor":48,"turns":3},{"damage":28,"enemies":"Donu and Deca","floor":50,"turns":5}],"event_choices":[{"event_name":"Accursed Blacksmith","player_choice":"Rummage","floor":2,"damage_taken":0},{"event_name":"Living Wall","player_choice":"Change","floor":7,"damage_taken":0},{"event_name":"Wheel of Change","player_choice":"Gold","floor":10,"damage_taken":0},{"event_name":"Mushrooms","player_choice":"Fought Mushrooms","floor":13,"damage_taken":0},{"event_name":"Knowing Skull","player_choice":"CARD ","floor":31,"damage_taken":0},{"event_name":"SensoryStone","player_choice":"Memory 3","floor":44,"damage_taken":0}],"boss_relics":[{"not_picked":["Philosopher\u0027s Stone","Ectoplasm"],"picked":"Mark of Pain"},{"not_picked":["Runic Cube","Velvet Choker"],"picked":"Cursed Key"}],"potions_floor_spawned":[3,5,6,16,18,22,27,28,30,36,37,38,42,48],"seed_played":"6238179172019298484","ascension_level":0,"is_trial":false}