{"path_per_floor":["M","T","?","M","T","E","M","E","T","$","E","$","M","M","R","B",null,"M","$","?","$","M","R","M","E","T","R","$","M","?","M","R"],"character_chosen":"IRONCLAD","items_purchased":["Cleave","Battle Trance","Vajra"],"gold_per_floor":[119,168,343,354,402,430,450,483,483,382,411,243,258,277,277,380,410,421,152,152,2,20,20,31,65,138,138,138,150,150,162,162,162],"floor_reached":33,"campfire_rested":0,"playtime":1756,"current_hp_per_floor":[71,71,71,77,77,69,75,66,66,66,64,64,70,76,76,25,85,73,73,57,57,59,59,56,37,37,37,37,43,43,49,49,0],"items_purged":["Doubt","Defend_R","Strike_R","Bash"],"gold":162,"score":314,"play_id":"dc6c3cca-5449-4d5d-bf3c-4e4497413f7e","local_time":"20180417233059","is_prod":false,"is_daily":false,"chose_seed":false,"is_ascension_mode":true,"campfire_upgraded":4,"timestamp":1524033059,"path_taken":["M","?","?","M","?","E","M","E","T","$","E","$","M","?","R","BOSS","M","$","?","$","M","R","M","E","T","R","$","M","?","M","R","BOSS"],"build_version":"2018-04-12","seed_source_timestamp":127544418868179,"purchased_purges":5,"victory":false,"master_deck":["Strike_R","Strike_R+1","Strike_R","Defend_R","Defend_R+1","Defend_R+1","Reckless Charge","Power Through","Ghostly Armor","Shrug It Off","Cleave+1","Flame Barrier+1","Battle Trance","Power Through+1","Immolate+1","Thunderclap","Battle Trance","Rupture+1","Seeing Red+1","Evolve+1","Writhe","Seeing Red"],"max_hp_per_floor":[80,80,80,80,80,80,80,80,80,80,80,80,80,80,80,80,85,85,85,85,85,85,85,85,85,85,85,85,85,85,85,85,85],"relics":["Burning Blood","War Paint","Bag of Marbles","Bag of Preparation","Calipers","Letter Opener","Whetstone","Tiny House","Vajra","Enchiridion","Oddly Smooth Stone","Molten Egg 2","Kunai"],"card_choices":[{"not_picked":["Perfected Strike","Twin Strike"],"picked":"Reckless Charge","floor":1},{"not_picked":["Perfected Strike","Clash"],"picked":"Power Through","floor":4},{"not_picked":["Cleave","Dual Wield"],"picked":"Ghostly Armor","floor":6},{"not_picked":["Reaper","Dropkick"],"picked":"Shrug It Off","floor":8},{"not_picked":["Reaper","Whirlwind"],"picked":"Flame Barrier","floor":11},{"not_picked":["Havoc","Feel No Pain"],"picked":"Power Through","floor":13},{"not_picked":["Offering","Exhume"],"picked":"Immolate","floor":16},{"not_picked":["Twin Strike","Rage"],"picked":"Thunderclap","floor":17},{"not_picked":["Iron Wave","Perfected Strike"],"picked":"Battle Trance","floor":18},{"not_picked":["Seeing Red","Pummel"],"picked":"Rupture","floor":22},{"not_picked":["Rampage","Dropkick"],"picked":"Seeing Red","floor":25},{"not_picked":["Anger","Reckless Charge"],"picked":"Evolve","floor":29},{"not_picked":["Shrug It Off","Shockwave"],"picked":"Seeing Red","floor":31}],"player_experience":88901,"potions_floor_usage":[8,16,16,16,33,33],"damage_taken":[{"damage":15,"enemies":"Cultist","floor":1,"turns":5},{"damage":0,"enemies":"2 Louse","floor":4,"turns":3},{"damage":14,"enemies":"3 Sentries","floor":6,"turns":10},{"damage":0,"enemies":"Jaw Worm","floor":7,"turns":5},{"damage":15,"enemies":"Gremlin Nob","floor":8,"turns":4},{"damage":8,"enemies":"3 Sentries","floor":11,"turns":8},{"damage":0,"enemies":"Blue Slaver","floor":13,"turns":3},{"damage":0,"enemies":"Exordium Wildlife","floor":14,"turns":1},{"damage":87,"enemies":"Hexaghost","floor":16,"turns":15},{"damage":18,"enemies":"2 Thieves","floor":18,"turns":3},{"damage":4,"enemies":"Chosen","floor":22,"turns":5},{"damage":9,"enemies":"Centurion and Healer","floor":24,"turns":3},{"damage":25,"enemies":"Slavers","floor":25,"turns":4},{"damage":0,"enemies":"Chosen and Byrds","floor":29,"turns":6},{"damage":0,"enemies":"Snecko","floor":31,"turns":3},{"damage":69,"enemies":"Champ","floor":33,"turns":18}],"event_choices":[{"event_name":"Liars Game","player_choice":"agreed","floor":3,"damage_taken":0},{"event_name":"Cursed Tome","player_choice":"Obtained Book","floor":20,"damage_taken":0},{"event_name":"The Mausoleum","player_choice":"Yes","floor":30,"damage_taken":0}],"boss_relics":[{"not_picked":["Mark of Pain","Ectoplasm"],"picked":"Tiny House"}],"potions_floor_spawned":[4,6,11,13,14,31],"seed_played":"7973237921822957869","killed_by":"Champ","ascension_level":2,"is_trial":false}