{"path_per_floor":["M","M","M","?","M","R","M","?","T","R","E","$","?","M","R","B",null,"M","M","?","M"],"is_cheater":false,"character_chosen":"THE_SILENT","items_purchased":["Anchor"],"gold_per_floor":[117,131,146,146,158,158,171,171,171,171,204,11,11,23,23,124,124,138,148,148,168],"floor_reached":22,"campfire_rested":1,"playtime":2688,"current_hp_per_floor":[66,60,58,58,58,58,53,53,53,70,61,61,61,61,61,37,70,56,56,56,21],"items_purged":[],"gold":168,"play_id":"ddb3e595-6d69-4516-915c-62ca865dca77","is_prod":false,"is_daily":false,"campfire_rituals":0,"campfire_upgraded":2,"potions_floor_combined":[],"is_hardmode":false,"path_taken":["M","M","M","?","M","R","M","?","T","R","E","$","?","M","R","BOSS","M","?","?","?","?"],"build_version":"[EARLY_ACCESS_006] (11-30-2017)","purchased_purges":0,"victory":false,"master_deck":["Defend_G","Defend_G","Defend_G","Strike_G","Strike_G","Strike_G","Strike_G","Strike_G","Survivor","Neutralize","Backflip","Flying Knee","Cloak And Dagger","Backflip","Dagger Spray","Prepared","Poisoned Stab","PiercingWail","Phantasmal Killer","Flying Knee","Calculated Gamble"],"max_hp_per_floor":[70,70,70,70,70,70,70,70,70,70,70,70,70,70,70,70,70,70,70,70,70],"relics":["Ring of the Snake","Tough Bandages","Gambling Chip","Prayer Wheel","Anchor","White Beast Statue"],"campfire_meditates":0,"card_choices":[{"not_picked":["Underhanded Strike","Poisoned Stab"],"picked":"Backflip"},{"not_picked":["Eviscerate","Sucker Punch"],"picked":"Flying Knee"},{"not_picked":["Backflip","Poisoned Stab"],"picked":"Cloak And Dagger"},{"not_picked":["Bane","Backstab"],"picked":"Dagger Spray"},{"not_picked":["Crippling Poison","Flying Knee"],"picked":"Prepared"},{"not_picked":["Sucker Punch","Dagger Spray"],"picked":"Poisoned Stab"},{"not_picked":["Venomology","Deflect"],"picked":"PiercingWail"},{"not_picked":["Die Die Die","Doppelganger"],"picked":"Phantasmal Killer"},{"not_picked":["PiercingWail","Outmaneuver"],"picked":"Flying Knee"},{"not_picked":["Backflip","Flying Knee"],"picked":"Calculated Gamble"}],"player_experience":124145,"potions_floor_usage":[11,16,19,21,21,22],"damage_taken":[{"damage":4.0,"enemies":"Cultist","floor":1.0,"turns":5.0},{"damage":6.0,"enemies":"Looter","floor":2.0,"turns":5.0},{"damage":2.0,"enemies":"Blue Slaver","floor":3.0,"turns":5.0},{"damage":0.0,"enemies":"TwoFungiBeasts","floor":5.0,"turns":4.0},{"damage":5.0,"enemies":"lots of slimes","floor":7.0,"turns":4.0},{"damage":9.0,"enemies":"GremlinNob","floor":11.0,"turns":4.0},{"damage":0.0,"enemies":"Gremlins","floor":14.0,"turns":3.0},{"damage":24.0,"enemies":"TheGuardian","floor":16.0,"turns":14.0},{"damage":14,"enemies":"Shelled Parasite","floor":18,"turns":7},{"damage":0,"enemies":"3_Byrds","floor":19,"turns":5},{"damage":35,"enemies":"Murder of Cultists","floor":21,"turns":9},{"damage":0,"enemies":"Snecko","floor":22,"turns":5}],"event_choices":[{"event_name":"Transmorgrifier","player_choice":"Transform","floor":4.0,"damage_taken":0.0},{"event_name":"Dead Adventurer","player_choice":"Searched \u00271\u0027 times","floor":8.0,"damage_taken":0.0},{"event_name":"Purifier","player_choice":"One Purge","floor":13.0,"damage_taken":0.0},{"event_name":"Cursed Tome","player_choice":"Ignored","floor":20,"damage_taken":0}],"boss_relics":[{"not_picked":["Velvet Choker","Cursed Key"],"picked":"White Beast Statue"}],"potions_floor_spawned":[5,7,11,18,19,21],"seed_played":"-6690356918556184523","killed_by":"Snecko","is_trial":false}