{"path_per_floor":["M","?","?","M","$","R","M","M","T","M","M","M","R","M","R","B",null,"M","M","M","$"],"is_cheater":false,"character_chosen":"THE_SILENT","items_purchased":["Regal Pillow","Bird Faced Urn"],"gold_per_floor":[115,215,215,230,29,29,45,62,113,129,142,158,158,178,178,278,278,298,317,328,27],"floor_reached":22,"campfire_rested":1,"playtime":2451,"current_hp_per_floor":[73,73,73,68,68,68,68,66,66,62,62,62,77,74,74,42,77,56,51,27,27],"items_purged":[],"gold":27,"play_id":"3282ea72-b4b7-49cc-9b43-10d4ee576d51","is_prod":false,"is_daily":false,"campfire_rituals":0,"campfire_upgraded":2,"potions_floor_combined":[],"is_hardmode":false,"path_taken":["M","?","?","M","?","R","M","M","T","M","M","M","R","M","R","BOSS","M","M","M","$","M"],"build_version":"[EARLY_ACCESS_006] (11-30-2017)","purchased_purges":0,"victory":false,"master_deck":["Defend_G","Defend_G","Defend_G","Defend_G","Strike_G","Strike_G","Strike_G","Strike_G","Strike_G","Survivor","Neutralize","Dash","Adrenaline","Heel Hook","Flying Knee","Wraith Form","Dagger Throw","All Out Attack","Dagger Throw","Deadly Poison","A Thousand Cuts","Deflect","Dodge and Roll","Quick Slash"],"max_hp_per_floor":[77,77,77,77,77,77,77,77,77,77,77,77,77,77,77,77,77,77,77,77,77],"relics":["Ring of the Snake","Regal Pillow","Toxic Egg","Runic Pyramid","Bird Faced Urn"],"campfire_meditates":0,"card_choices":[{"not_picked":["Dodge and Roll","Deadly Poison"],"picked":"Dash"},{"not_picked":["Sucker Punch","Slice"],"picked":"Heel Hook"},{"not_picked":["Underhanded Strike","Skewer"],"picked":"Flying Knee"},{"not_picked":["Terror","Underhanded Strike"],"picked":"Wraith Form"},{"not_picked":["Quick Slash","Sucker Punch"],"picked":"Dagger Throw"},{"not_picked":["Flying Knee","Crippling Poison"],"picked":"All Out Attack"},{"not_picked":["Acrobatics","Bane"],"picked":"Dagger Throw"},{"not_picked":["Crippling Poison","Malaise"],"picked":"Deadly Poison"},{"not_picked":["Bullet Time","Burst"],"picked":"A Thousand Cuts"},{"not_picked":["Heel Hook","Blade Dance"],"picked":"Deflect"},{"not_picked":["Sucker Punch","Prepared"],"picked":"Dodge and Roll"},{"not_picked":["Dodge and Roll","All Out Attack"],"picked":"Quick Slash"}],"player_experience":60513,"potions_floor_usage":[14,16,19,20],"damage_taken":[{"damage":4,"enemies":"Blue Slaver","floor":1,"turns":7},{"damage":5,"enemies":"Looter","floor":4,"turns":4},{"damage":0,"enemies":"JawWorm","floor":7,"turns":3},{"damage":2,"enemies":"Louse","floor":8,"turns":3},{"damage":4,"enemies":"Exordium Wildlife","floor":10,"turns":4},{"damage":0,"enemies":"TwoFungiBeasts","floor":11,"turns":4},{"damage":0,"enemies":"Louse","floor":12,"turns":2},{"damage":3,"enemies":"Slime","floor":14,"turns":5},{"damage":32,"enemies":"TheGuardian","floor":16,"turns":9},{"damage":21,"enemies":"Chosen","floor":18,"turns":5},{"damage":5,"enemies":"3_Byrds","floor":19,"turns":4},{"damage":24,"enemies":"SnakePlant","floor":20,"turns":5},{"damage":22,"enemies":"Murder of Cultists","floor":22,"turns":5}],"event_choices":[{"event_name":"Golden Shrine","player_choice":"Pray","floor":2,"damage_taken":0},{"event_name":"Living Wall","player_choice":"Change","floor":3,"damage_taken":0}],"boss_relics":[{"not_picked":["Philosopher\u0027s Stone","Orrery"],"picked":"Runic Pyramid"}],"potions_floor_spawned":[4,11,12,16],"seed_played":"-3400517968606121924","killed_by":"Murder of Cultists","is_trial":false}