{"path_per_floor":["M","M","$","M","?","R","M","E","T","R","M","M","$","M","R","B",null,"M","?","M","$","M","R","T","E","T","M","R","?","$","M","R","B",null,"M","$","?","M","?","E","M","T","T","R","?","R","E","T","R"],"character_chosen":"THE_SILENT","items_purchased":["Escape Plan","Footwork","Well Laid Plans"],"gold_per_floor":[212,227,118,137,137,137,148,175,201,201,221,240,60,77,77,172,172,161,161,175,14,33,33,102,128,128,145,145,145,145,158,158,261,261,278,128,128,148,197,226,244,244,267,267,267,267,328,328,328],"floor_reached":50,"campfire_rested":5,"playtime":4993,"current_hp_per_floor":[68,66,66,66,66,66,64,53,53,70,66,66,66,48,48,64,70,51,51,51,51,38,59,59,42,42,42,42,42,42,42,42,36,72,51,51,75,75,53,24,18,18,18,42,42,66,20,20,45],"items_purged":["Defend_G","Strike_G","Strike_G","Strike_G"],"gold":328,"play_id":"85158149-3d6d-41d6-9e21-ad3385301c40","is_prod":false,"is_daily":false,"campfire_rituals":0,"campfire_upgraded":4,"is_hardmode":false,"path_taken":["M","M","$","M","?","R","M","E","T","R","?","M","$","M","R","BOSS","M","?","M","$","M","R","?","E","T","M","R","?","$","M","R","BOSS","M","$","?","M","?","E","M","?","T","R","?","R","E","?","R","BOSS"],"build_version":"2018-01-04-PROD1","purchased_purges":4,"victory":false,"master_deck":["Defend_G","Defend_G","Defend_G","Defend_G","Strike_G","Survivor","Neutralize","Bouncing Flask","PiercingWail","Escape Plan","Backflip","Poisoned Stab","Poisoned Stab","Escape Plan","Footwork","Prepared","Corpse Explosion","Blur","Bane","Backflip","Dagger Spray","Dash","Bane","Well Laid Plans","Bane","A Thousand Cuts","Adrenaline","Outmaneuver","Writhe","Dodge and Roll","Footwork"],"max_hp_per_floor":[70,70,70,70,70,70,70,70,70,70,70,70,70,70,70,70,70,70,70,70,70,70,70,70,70,70,72,72,72,72,72,72,72,72,72,72,78,80,80,82,82,82,82,82,82,82,84,84,84],"relics":["Ring of the Snake","Pantograph","Pen Nib","Orrery","Matryoshka","Darkstone Periapt","Singing Bowl","War Paint","White Beast Statue","Sundial","Ornamental Fan","Unceasing Top","Snake Skull","Anchor","Tiny Chest","Vajra"],"campfire_meditates":0,"card_choices":[{"not_picked":["Bane","Flying Knee"],"picked":"Bouncing Flask"},{"not_picked":["Deadly Poison","Endless Agony"],"picked":"PiercingWail"},{"not_picked":["Setup","Acrobatics"],"picked":"Backflip"},{"not_picked":["Flechettes","Underhanded Strike"],"picked":"Poisoned Stab"},{"not_picked":["Escape Plan","Dagger Spray"],"picked":"Poisoned Stab"},{"not_picked":["Dodge and Roll","Eviscerate"],"picked":"Escape Plan"},{"not_picked":["Dagger Throw","Deadly Poison"],"picked":"Prepared"},{"not_picked":["Tools of the Trade","Grand Finale"],"picked":"Corpse Explosion"},{"not_picked":["Dagger Spray","Blade Dance"],"picked":"Blur"},{"not_picked":["Acrobatics","Heel Hook"],"picked":"Bane"},{"not_picked":["Flying Knee","Dagger Spray"],"picked":"Backflip"},{"not_picked":["Eviscerate","Caltrops"],"picked":"Dagger Spray"},{"not_picked":["Prepared","Outmaneuver"],"picked":"Dash"},{"not_picked":["Heel Hook","Unload"],"picked":"Bane"},{"not_picked":["Dodge and Roll","Dagger Spray"],"picked":"Bane"},{"not_picked":["Quick Slash","Endless Agony"],"picked":"A Thousand Cuts"},{"not_picked":["A Thousand Cuts","Unload"],"picked":"Adrenaline"},{"not_picked":["PiercingWail","Quick Slash"],"picked":"Outmaneuver"},{"not_picked":["Backflip","Riddle With Holes"],"picked":"Dodge and Roll"},{"not_picked":["All Out Attack","Flying Knee"],"picked":"Footwork"}],"player_experience":411730,"potions_floor_usage":[8,16,16,20,33,35,39,39,40,40,47,50,50],"damage_taken":[{"damage":2,"enemies":"Blue Slaver","floor":1,"turns":6},{"damage":2,"enemies":"Small Slimes","floor":2,"turns":5},{"damage":0,"enemies":"2 Louse","floor":4,"turns":3},{"damage":2,"enemies":"Lots of Slimes","floor":7,"turns":5},{"damage":11,"enemies":"Lagavulin","floor":8,"turns":4},{"damage":4,"enemies":"Exordium Thugs","floor":11,"turns":5},{"damage":0,"enemies":"Looter","floor":12,"turns":2},{"damage":18,"enemies":"Lots of Slimes","floor":14,"turns":5},{"damage":6,"enemies":"Hexaghost","floor":16,"turns":9},{"damage":19,"enemies":"2 Thieves","floor":18,"turns":4},{"damage":0,"enemies":"Shell Parasite","floor":20,"turns":4},{"damage":13,"enemies":"3 Cultists","floor":22,"turns":6},{"damage":17,"enemies":"Book of Stabbing","floor":25,"turns":7},{"damage":2,"enemies":"Chosen and Byrds","floor":27,"turns":9},{"damage":0,"enemies":"Snecko","floor":31,"turns":4},{"damage":39,"enemies":"Automaton","floor":33,"turns":13},{"damage":21,"enemies":"3 Shapes","floor":35,"turns":4},{"damage":2,"enemies":"Orb Walker","floor":38,"turns":4},{"damage":22,"enemies":"Mysterious Sphere","floor":39,"turns":5},{"damage":46,"enemies":"Nemesis","floor":40,"turns":10},{"damage":6,"enemies":"3 Darklings","floor":41,"turns":6},{"damage":48,"enemies":"2 Orb Walkers","floor":47,"turns":7},{"damage":78,"enemies":"Donu and Deca","floor":50,"turns":7}],"event_choices":[{"event_name":"Upgrade Shrine","player_choice":"Upgraded","floor":5,"damage_taken":0},{"event_name":"The Mausoleum","player_choice":"No","floor":19,"damage_taken":0},{"event_name":"Purifier","player_choice":"One Purge","floor":29,"damage_taken":0},{"event_name":"Winding Halls","player_choice":"Writhe","floor":37,"damage_taken":0},{"event_name":"Mysterious Sphere","player_choice":"Fight","floor":39,"damage_taken":0},{"event_name":"Tomb of Lord Red Mask","player_choice":"Ignored","floor":45,"damage_taken":0}],"boss_relics":[{"not_picked":["Calling Bell","Tiny House"],"picked":"Orrery"},{"not_picked":["Pandora\u0027s Box","Runic Dome"],"picked":"White Beast Statue"}],"potions_floor_spawned":[2,8,11,12,14,18,27,31,33,35,38,39,40,41,47],"seed_played":"3333541516020831858","killed_by":"Donu and Deca","is_trial":false}