{"path_per_floor":["M","M","M","M","$","R","M","E","T","R","?","M","E","M","R","B",null,"M","$","M","?","?","E","R","M","T","M","$","M"],"character_chosen":"THE_SILENT","items_purchased":["Footwork","Finesse","Sadistic Nature"],"gold_per_floor":[109,127,142,160,22,22,41,67,115,115,65,85,113,124,124,219,219,237,162,174,174,174,203,203,217,242,260,52,63],"floor_reached":30,"campfire_rested":3,"playtime":2952,"current_hp_per_floor":[64,64,64,50,50,50,50,37,37,58,58,58,20,18,39,39,70,68,68,62,62,62,13,44,44,44,24,24,20],"items_purged":["Defend_G"],"gold":63,"play_id":"c639c0c8-f8ad-45ac-975c-35cf4c86672f","is_prod":false,"is_daily":false,"campfire_rituals":0,"campfire_upgraded":1,"is_hardmode":false,"path_taken":["M","?","M","M","$","R","M","E","T","R","?","M","E","M","R","BOSS","M","$","M","?","?","E","R","M","T","M","$","M","M"],"build_version":"2018-01-04-PROD1","purchased_purges":1,"victory":false,"master_deck":["Defend_G","Defend_G","Defend_G","Defend_G","Strike_G","Strike_G","Strike_G","Strike_G","Survivor","Neutralize","Quick Slash","Flechettes","Dagger Spray","Backflip","Noxious Fumes","Footwork","Finesse","Leg Sweep","Cloak And Dagger","Dash","Flying Knee","Prepared","Envenom","Escape Plan","Blur","PiercingWail","Sadistic Nature"],"max_hp_per_floor":[70,70,70,70,70,70,70,70,70,70,70,70,70,70,70,70,70,70,70,70,70,70,70,70,70,70,70,70,70],"relics":["Ring of the Snake","Pen Nib","Ancient Tea Set","Pantograph","Eternal Feather","Snake Skull","Molten Egg"],"campfire_meditates":0,"card_choices":[{"not_picked":["Acrobatics","Dodge and Roll"],"picked":"Quick Slash"},{"not_picked":["Deflect","Poisoned Stab"],"picked":"Flechettes"},{"not_picked":["Outmaneuver","Masterful Stab"],"picked":"Dagger Spray"},{"not_picked":["Underhanded Strike","Dagger Spray"],"picked":"Backflip"},{"not_picked":["Sucker Punch","Dagger Throw"],"picked":"Noxious Fumes"},{"not_picked":["PiercingWail","Terror"],"picked":"Leg Sweep"},{"not_picked":["Malaise","Unload"],"picked":"Cloak And Dagger"},{"not_picked":["Deflect","Quick Slash"],"picked":"Dash"},{"not_picked":["Flechettes","Endless Agony"],"picked":"Flying Knee"},{"not_picked":["Distraction","Choke"],"picked":"Prepared"},{"not_picked":["Grand Finale","Tactician"],"picked":"Envenom"},{"not_picked":["Cloak And Dagger","Poisoned Stab"],"picked":"Escape Plan"},{"not_picked":["Catalyst","Underhanded Strike"],"picked":"Blur"}],"player_experience":398020,"potions_floor_usage":[8,13,16,23,23,25,27],"damage_taken":[{"damage":6,"enemies":"Blue Slaver","floor":1,"turns":5},{"damage":0,"enemies":"Cultist","floor":2,"turns":3},{"damage":0,"enemies":"2 Louse","floor":3,"turns":2},{"damage":14,"enemies":"Exordium Wildlife","floor":4,"turns":5},{"damage":0,"enemies":"3 Louse","floor":7,"turns":3},{"damage":13,"enemies":"3 Sentries","floor":8,"turns":8},{"damage":0,"enemies":"Large Slime","floor":12,"turns":5},{"damage":38,"enemies":"Gremlin Nob","floor":13,"turns":5},{"damage":2,"enemies":"Exordium Wildlife","floor":14,"turns":2},{"damage":25,"enemies":"The Guardian","floor":16,"turns":10},{"damage":2,"enemies":"Chosen","floor":18,"turns":6},{"damage":6,"enemies":"Shell Parasite","floor":20,"turns":8},{"damage":49,"enemies":"Slavers","floor":23,"turns":8},{"damage":0,"enemies":"Centurion and Healer","floor":25,"turns":6},{"damage":20,"enemies":"3 Cultists","floor":27,"turns":7},{"damage":4,"enemies":"Snecko","floor":29,"turns":6},{"damage":5,"enemies":"Slaver and Parasite","floor":30,"turns":2}],"event_choices":[{"event_name":"The Cleric","player_choice":"Card Removal","floor":11,"damage_taken":0},{"event_name":"Vampires","player_choice":"Ignored","floor":21,"damage_taken":0},{"event_name":"The Library","player_choice":"Read","floor":22,"damage_taken":0}],"boss_relics":[{"not_picked":["Tiny House","Question Card"],"picked":"Eternal Feather"}],"potions_floor_spawned":[2,3,4,8,13,23,25],"seed_played":"-3708558120519263470","killed_by":"Slaver and Parasite","is_trial":false}