{"path_per_floor":["M","M","?","M","M","R","E","?","T","$","R","M","M","M","R","B",null,"M","?","M","?","$"],"character_chosen":"THE_SILENT","items_purchased":["Deflect","Flash of Steel"],"gold_per_floor":[119,133,133,151,170,170,202,202,202,78,78,96,116,133,133,230,230,244,244,231,231,43],"floor_reached":23,"campfire_rested":2,"playtime":1648,"current_hp_per_floor":[70,70,56,56,55,70,50,50,50,50,50,48,44,44,65,50,70,69,69,61,61,61],"items_purged":["Defend_G","Strike_G"],"gold":43,"play_id":"3215fd43-06bb-456a-bde8-cedfaf1cc23a","is_prod":false,"is_daily":false,"campfire_rituals":0,"campfire_upgraded":1,"is_hardmode":false,"path_taken":["M","M","?","M","M","R","E","?","T","$","R","M","M","M","R","BOSS","M","?","M","?","$","E"],"build_version":"2018-01-11-PROD2","purchased_purges":2,"victory":false,"master_deck":["Defend_G","Defend_G","Defend_G","Defend_G","Strike_G","Strike_G","Strike_G","Strike_G","Survivor","Neutralize","Glass Knife","Backflip","Footwork","PiercingWail","Deflect","Well Laid Plans","Leg Sweep","Bullet Time","Outmaneuver","Slice","Flash of Steel"],"max_hp_per_floor":[70,70,70,70,70,70,70,70,70,70,70,70,70,70,70,70,70,70,70,70,70,70],"relics":["Ring of the Snake","Whetstone","Darkstone Periapt","Unceasing Top","Cursed Key","Lantern"],"campfire_meditates":0,"card_choices":[{"not_picked":["Noxious Fumes","Quick Slash"],"picked":"Glass Knife"},{"not_picked":["Underhanded Strike","Accuracy"],"picked":"Backflip"},{"not_picked":["Blur","Noxious Fumes"],"picked":"Footwork"},{"not_picked":["Dagger Spray","Flechettes"],"picked":"PiercingWail"},{"not_picked":["Deflect","Bane"],"picked":"Well Laid Plans"},{"not_picked":["Accuracy","Well Laid Plans"],"picked":"Leg Sweep"},{"not_picked":["Grand Finale","Storm of Steel"],"picked":"Bullet Time"},{"not_picked":["PiercingWail","Blade Dance"],"picked":"Outmaneuver"},{"not_picked":["Riddle With Holes","Leg Sweep"],"picked":"Slice"}],"player_experience":507681,"potions_floor_usage":[5,7,16],"damage_taken":[{"damage":0,"enemies":"2 Louse","floor":1,"turns":3},{"damage":0,"enemies":"Cultist","floor":2,"turns":4},{"damage":0,"enemies":"Jaw Worm","floor":4,"turns":3},{"damage":1,"enemies":"Exordium Thugs","floor":5,"turns":5},{"damage":20,"enemies":"Gremlin Nob","floor":7,"turns":4},{"damage":2,"enemies":"Large Slime","floor":12,"turns":7},{"damage":4,"enemies":"Looter","floor":13,"turns":3},{"damage":0,"enemies":"Exordium Wildlife","floor":14,"turns":3},{"damage":15,"enemies":"The Guardian","floor":16,"turns":16},{"damage":1,"enemies":"Spheric Guardian","floor":18,"turns":5},{"damage":8,"enemies":"2 Thieves","floor":20,"turns":4},{"damage":13,"enemies":"Book of Stabbing","floor":23,"turns":10}],"event_choices":[{"event_name":"Shining Light","player_choice":"Entered Light","floor":3,"damage_taken":0},{"event_name":"Accursed Blacksmith","player_choice":"Rummage","floor":8,"damage_taken":0},{"event_name":"Drug Dealer","player_choice":"Ignored","floor":19,"damage_taken":0},{"event_name":"The Mausoleum","player_choice":"Yes","floor":21,"damage_taken":0}],"boss_relics":[{"not_picked":["Runic Pyramid","Calling Bell"],"picked":"Cursed Key"}],"potions_floor_spawned":[1,2,13],"seed_played":"-2722943447480233405","killed_by":"Book of Stabbing","is_trial":false}