{"path_per_floor":["M","$","?","M","M","E","R","?","T","$","?","M","R","M","R","B",null,"M","M","M","T","M","R","M","?","T","$","M","R","$","M","R","B",null,"M","?","M","$","M","R","?","M","T","M","R","M","?","$","R","B"],"character_chosen":"THE_SILENT","items_purchased":["Well Laid Plans","Bird Faced Urn","Sadistic Nature","Adrenaline"],"gold_per_floor":[139,64,64,74,91,116,116,66,66,29,29,41,41,58,58,153,153,171,186,200,200,210,210,228,228,528,186,197,197,4,24,24,119,119,133,133,146,1,20,20,0,14,14,29,29,44,44,44,44,44],"floor_reached":51,"campfire_rested":2,"playtime":4815,"current_hp_per_floor":[70,70,70,70,70,51,51,51,51,51,51,51,51,51,70,47,70,65,60,59,59,54,54,54,38,38,38,44,65,65,64,64,36,70,70,70,68,68,62,62,62,69,69,70,70,70,70,70,70,53],"items_purged":["Defend_G","Sucker Punch"],"gold":44,"play_id":"ef3181c9-6733-4d83-b8d3-b45d487c71dc","is_prod":false,"is_daily":false,"is_ascension_mode":false,"campfire_upgraded":7,"path_taken":["M","$","?","M","M","E","R","?","T","$","?","?","R","M","R","BOSS","M","M","M","?","M","R","M","?","T","?","?","R","$","M","R","BOSS","M","?","M","?","M","R","?","?","T","M","R","M","?","$","R","BOSS"],"build_version":"2018-01-25-PROD3","purchased_purges":2,"victory":true,"master_deck":["Survivor","Neutralize+1","Poisoned Stab","Dash","Dodge and Roll","Well Laid Plans","After Image+1","Outmaneuver","A Thousand Cuts+1","Malaise","Dodge and Roll+1","Sucker Punch","PiercingWail","Sucker Punch","Dagger Throw","Bouncing Flask+1","Poisoned Stab","Prepared+1","Blur","Prepared","Necronomicurse","Sadistic Nature+1","After Image","Bane+1","Adrenaline","Envenom+1","Regret","Calculated Gamble+1"],"max_hp_per_floor":[70,70,70,70,70,70,70,70,70,70,70,70,70,70,70,70,70,70,70,70,70,70,70,70,70,70,70,70,70,70,70,70,70,70,70,70,70,70,70,70,70,70,70,70,70,70,70,70,70,70],"relics":["Ring of the Snake","Tiny Chest","Calipers","Thread and Needle","Pandora\u0027s Box","Smiling Mask","Necronomicon","Old Coin","Bird Faced Urn","Cursed Key","Red Mask","Dead Branch"],"card_choices":[{"not_picked":["Sucker Punch","Setup"],"picked":"Poisoned Stab"},{"not_picked":["Dodge and Roll","Crippling Poison"],"picked":"Dash"},{"not_picked":["Skewer","Masterful Stab"],"picked":"Bane"},{"not_picked":["Underhanded Strike","Dagger Throw"],"picked":"Dodge and Roll"},{"not_picked":["Catalyst","Predator"],"picked":"After Image"},{"not_picked":["Deadly Poison","Dodge and Roll"],"picked":"Outmaneuver"},{"not_picked":["Burst","Corpse Explosion"],"picked":"A Thousand Cuts"},{"not_picked":["Cloak And Dagger","Blade Dance"],"picked":"Bouncing Flask"},{"not_picked":["Sucker Punch","Slice"],"picked":"Poisoned Stab"},{"not_picked":["Bouncing Flask","Predator"],"picked":"Prepared"},{"not_picked":["Outmaneuver","Poisoned Stab"],"picked":"Blur"},{"not_picked":["Setup","Quick Slash"],"picked":"Prepared"},{"not_picked":["Die Die Die","Bullet Time"],"picked":"After Image"},{"not_picked":["Deadly Poison","Outmaneuver"],"picked":"Bane"},{"not_picked":["Slice","PiercingWail"],"picked":"Envenom"},{"not_picked":["Dagger Throw","Flying Knee"],"picked":"Calculated Gamble"}],"player_experience":612612,"potions_floor_usage":[6,16,18,20,28,31,33,44],"damage_taken":[{"damage":0,"enemies":"Jaw Worm","floor":1,"turns":4},{"damage":0,"enemies":"Small Slimes","floor":4,"turns":3},{"damage":0,"enemies":"Cultist","floor":5,"turns":3},{"damage":19,"enemies":"3 Sentries","floor":6,"turns":6},{"damage":0,"enemies":"Red Slaver","floor":12,"turns":3},{"damage":0,"enemies":"3 Louse","floor":14,"turns":4},{"damage":23,"enemies":"Hexaghost","floor":16,"turns":16},{"damage":5,"enemies":"2 Thieves","floor":18,"turns":5},{"damage":5,"enemies":"3 Byrds","floor":19,"turns":6},{"damage":1,"enemies":"Centurion and Healer","floor":20,"turns":9},{"damage":5,"enemies":"Snecko","floor":22,"turns":6},{"damage":0,"enemies":"Sentry and Sphere","floor":24,"turns":8},{"damage":0,"enemies":"3 Cultists","floor":28,"turns":5},{"damage":6,"enemies":"Centurion and Healer","floor":31,"turns":4},{"damage":34,"enemies":"Champ","floor":33,"turns":11},{"damage":0,"enemies":"Orb Walker","floor":35,"turns":3},{"damage":2,"enemies":"3 Shapes","floor":37,"turns":5},{"damage":10,"enemies":"3 Darklings","floor":39,"turns":5},{"damage":1,"enemies":"Maw","floor":42,"turns":7},{"damage":2,"enemies":"4 Shapes","floor":44,"turns":5},{"damage":0,"enemies":"3 Darklings","floor":46,"turns":4},{"damage":17,"enemies":"Time Eater","floor":50,"turns":11}],"event_choices":[{"event_name":"Living Wall","player_choice":"Forget","floor":3,"damage_taken":0},{"event_name":"The Cleric","player_choice":"Card Removal","floor":8,"damage_taken":0},{"event_name":"The Lab","player_choice":"Got Potions","floor":11,"damage_taken":0},{"event_name":"Cursed Tome","player_choice":"Obtained Book","floor":25,"damage_taken":0},{"event_name":"Accursed Blacksmith","player_choice":"Ignore","floor":36,"damage_taken":0},{"event_name":"Tomb of Lord Red Mask","player_choice":"Paid","floor":41,"damage_taken":0}],"boss_relics":[{"not_picked":["Eternal Feather","Astrolabe"],"picked":"Pandora\u0027s Box"},{"not_picked":["Tiny House","Snecko Eye"],"picked":"Cursed Key"}],"potions_floor_spawned":[4,12,14,19,22,24,31,39],"seed_played":"8462867583753734478","ascension_level":0,"is_trial":false}