{"path_per_floor":["M","M","M","?","$","R","?","M","T","E","M","R","?","M","R","B",null,"M","M","M","?","M","R","M","$","T","R","E","M","R","?","R","B",null,"M","?","?","$","M","R","E","R","T","$","M","?","?","M","R","B"],"character_chosen":"THE_SILENT","items_purchased":["Catalyst","Bouncing Flask","Pantograph","Regen Potion","Finesse","Apotheosis","Noxious Fumes","Ancient Tea Set"],"gold_per_floor":[115,126,138,138,56,56,131,150,150,193,212,212,212,233,233,354,354,370,395,414,414,433,433,456,3,3,3,37,58,58,58,58,177,177,197,197,530,244,257,257,284,284,338,17,31,31,0,12,12,12],"floor_reached":51,"campfire_rested":2,"playtime":3478,"current_hp_per_floor":[70,63,63,63,63,63,52,46,46,31,30,49,49,48,48,9,65,48,48,45,45,45,45,42,42,42,61,65,61,61,61,61,33,65,64,64,64,64,62,65,60,70,70,70,68,68,68,72,79,30],"items_purged":["Defend_G","Strike_G"],"gold":12,"score":572,"play_id":"6b3a6f04-1ad1-47e1-8e02-5e7036d4cd24","is_prod":false,"is_daily":false,"is_ascension_mode":false,"campfire_upgraded":8,"path_taken":["M","M","M","?","$","R","?","M","T","E","M","R","?","M","R","BOSS","M","M","M","?","M","R","M","$","T","R","E","?","R","?","R","BOSS","M","?","?","$","M","R","E","R","T","$","M","?","?","?","R","BOSS"],"build_version":"2018-02-08-PROD1","purchased_purges":2,"victory":true,"master_deck":["Defend_G","Defend_G","Survivor+1","Neutralize+1","Bane","Terror+1","Poisoned Stab","Catalyst+1","Deflect+1","Backflip+1","Footwork+1","Poisoned Stab","After Image+1","Deadly Poison+1","Distraction+1","Corpse Explosion+1","Leg Sweep+1","Dagger Spray+1","Prepared+1","Escape Plan","PiercingWail","Bouncing Flask+1","Bouncing Flask+1","Bane+1","Cloak And Dagger","Finesse","Apotheosis+1","Noxious Fumes+1","Dodge and Roll+1"],"max_hp_per_floor":[70,70,70,65,65,65,65,65,65,65,65,65,65,65,65,65,65,65,65,65,65,65,65,65,65,65,65,65,65,65,65,65,65,65,65,65,65,65,65,65,79,79,79,79,79,79,79,79,79,79],"relics":["Ring of the Snake","Orichalcum","Frozen Egg 2","Snake Skull","Astrolabe","Pantograph","Bird Faced Urn","Bag of Preparation","Eternal Feather","Mango","Tiny Chest","Ancient Tea Set","Red Mask"],"card_choices":[{"not_picked":["Backflip","Cloak And Dagger"],"picked":"Bane"},{"not_picked":["Malaise","Skewer"],"picked":"Terror"},{"not_picked":["Dagger Throw","Skewer"],"picked":"Poisoned Stab"},{"not_picked":["Terror","Concentrate"],"picked":"Deflect"},{"not_picked":["Slice","Accuracy"],"picked":"Backflip"},{"not_picked":["Malaise","Terror"],"picked":"Footwork"},{"not_picked":["Outmaneuver","Deadly Poison"],"picked":"Poisoned Stab"},{"not_picked":["Bullet Time","Die Die Die"],"picked":"After Image"},{"not_picked":["Slice","Dodge and Roll"],"picked":"Leg Sweep"},{"not_picked":["Bane","Deadly Poison"],"picked":"Dagger Spray"},{"not_picked":["Backflip","Cloak And Dagger"],"picked":"Prepared"},{"not_picked":["Infinite Blades","Heel Hook"],"picked":"Escape Plan"},{"not_picked":["Concentrate","Choke"],"picked":"PiercingWail"},{"not_picked":["Prepared","Poisoned Stab"],"picked":"Bouncing Flask"},{"not_picked":["Endless Agony","Prepared"],"picked":"Bane"},{"not_picked":["Deadly Poison","Quick Slash"],"picked":"Cloak And Dagger"},{"not_picked":["Dagger Throw","Calculated Gamble"],"picked":"Dodge and Roll"}],"player_experience":708260,"potions_floor_usage":[39,41],"damage_taken":[{"damage":0.0,"enemies":"Small Slimes","floor":1.0,"turns":3.0},{"damage":7.0,"enemies":"Jaw Worm","floor":2.0,"turns":6.0},{"damage":0.0,"enemies":"2 Louse","floor":3.0,"turns":3.0},{"damage":6.0,"enemies":"Large Slime","floor":8.0,"turns":6.0},{"damage":30.0,"enemies":"3 Sentries","floor":10.0,"turns":9.0},{"damage":1.0,"enemies":"Red Slaver","floor":11.0,"turns":4.0},{"damage":1.0,"enemies":"Exordium Wildlife","floor":14.0,"turns":6.0},{"damage":39.0,"enemies":"The Guardian","floor":16.0,"turns":8.0},{"damage":17.0,"enemies":"2 Thieves","floor":18.0,"turns":4.0},{"damage":0.0,"enemies":"Shell Parasite","floor":19.0,"turns":3.0},{"damage":3.0,"enemies":"Snake Plant","floor":20.0,"turns":5.0},{"damage":0.0,"enemies":"Snecko","floor":22.0,"turns":4.0},{"damage":3.0,"enemies":"Sentry and Sphere","floor":24.0,"turns":6.0},{"damage":13.0,"enemies":"Gremlin Leader","floor":28.0,"turns":7.0},{"damage":4.0,"enemies":"3 Cultists","floor":29.0,"turns":6.0},{"damage":32.0,"enemies":"Collector","floor":33.0,"turns":7.0},{"damage":1.0,"enemies":"3 Shapes","floor":35.0,"turns":7.0},{"damage":3,"enemies":"3 Darklings","floor":39,"turns":7},{"damage":19,"enemies":"Giant Head","floor":41,"turns":7},{"damage":6,"enemies":"4 Shapes","floor":45,"turns":4},{"damage":2,"enemies":"Sphere and 2 Shapes","floor":48,"turns":7},{"damage":51,"enemies":"Awakened One","floor":50,"turns":17}],"event_choices":[{"event_name":"Golden Idol","player_choice":"Lose Max HP","floor":4.0,"damage_taken":0.0},{"event_name":"World of Goop","player_choice":"Gather Gold","floor":7.0,"damage_taken":0.0},{"event_name":"Bonfire Elementals","player_choice":"BASIC","floor":13.0,"damage_taken":0.0},{"event_name":"Back to Basics","player_choice":"Elegance","floor":21.0,"damage_taken":0.0},{"event_name":"Upgrade Shrine","player_choice":"Upgraded","floor":31.0,"damage_taken":0.0},{"event_name":"The Moai Head","player_choice":"Gave Idol","floor":37,"damage_taken":0},{"event_name":"Upgrade Shrine","player_choice":"Upgraded","floor":46,"damage_taken":0},{"event_name":"Tomb of Lord Red Mask","player_choice":"Paid","floor":47,"damage_taken":0}],"boss_relics":[],"potions_floor_spawned":[8,10,11,16,19,28,33,35],"seed_played":"-7797829455160677868","ascension_level":0,"is_trial":false}