{"path_per_floor":["M","?","M","M","$","R","E","M","T","M","R","?","M","?","R","B",null,"M","?","M","$","?","R","M","M","T","M","R","?","R","$","R","B",null,"M","M","?","M","$","R","M","R","T","R","M","?","?","M","R"],"character_chosen":"THE_SILENT","items_purchased":["Leg Sweep","Pen Nib","Envenom","Leg Sweep","Dramatic Entrance"],"gold_per_floor":[117,117,130,143,68,68,111,127,180,193,193,193,206,206,206,330,330,343,343,367,47,47,47,66,91,91,106,106,106,106,26,26,151,151,167,186,186,200,23,23,42,42,42,42,65,65,0,18,18],"floor_reached":50,"campfire_rested":6,"playtime":2840,"current_hp_per_floor":[70,65,65,65,65,65,53,49,49,35,54,54,51,51,65,2,65,59,59,50,50,50,50,46,46,53,53,53,53,53,53,72,28,72,68,49,40,26,26,47,24,45,45,45,42,42,42,8,29],"items_purged":["Strike_G","Predator"],"gold":18,"score":394,"play_id":"3e614934-f960-4662-9bb0-540fb81c129b","is_prod":false,"is_daily":false,"is_ascension_mode":false,"campfire_upgraded":5,"path_taken":["M","?","M","M","$","R","E","M","T","M","R","?","M","?","R","BOSS","M","?","M","?","?","R","M","M","T","M","R","?","R","$","R","BOSS","M","?","?","M","$","R","M","R","T","R","M","?","?","M","R","BOSS"],"build_version":"2018-02-08-PROD1","purchased_purges":2,"victory":false,"master_deck":["Survivor","Neutralize+1","Deadly Poison","Dagger Throw","Poisoned Stab","Corpse Explosion+1","Blur","Bane","Expertise","Madness","After Image+1","Escape Plan","Poisoned Stab","Flying Knee","Acrobatics","Noxious Fumes+1","Calculated Gamble","Bane","Leg Sweep","Noxious Fumes","Blur+1","Footwork+1","Envenom","Backflip+1","Madness","Madness","Leg Sweep","Dramatic Entrance","Escape Plan","Dash+1"],"max_hp_per_floor":[70,65,65,65,65,65,65,65,65,65,65,65,65,65,65,65,65,65,65,65,65,65,65,65,65,72,72,72,72,72,72,72,72,72,72,72,72,72,72,72,72,72,72,72,72,72,72,72,72],"relics":["Ring of the Snake","Golden Idol","Sundial","Bag of Marbles","Pandora\u0027s Box","Pen Nib","Strawberry","Question Card","Ice Cream","Red Mask"],"card_choices":[{"not_picked":["Dodge and Roll","Underhanded Strike"],"picked":"Deadly Poison"},{"not_picked":["Cloak And Dagger","Deflect"],"picked":"Dagger Throw"},{"not_picked":["Prepared","Accuracy"],"picked":"Poisoned Stab"},{"not_picked":["Flying Knee","Cloak And Dagger"],"picked":"Corpse Explosion"},{"not_picked":["Cloak And Dagger","Deadly Poison"],"picked":"Blur"},{"not_picked":["Slice","Flechettes"],"picked":"Bane"},{"not_picked":["All Out Attack","Underhanded Strike"],"picked":"Expertise"},{"not_picked":["Die Die Die","Burst"],"picked":"After Image"},{"not_picked":["Outmaneuver","Dagger Throw"],"picked":"Noxious Fumes"},{"not_picked":["Flechettes","All Out Attack"],"picked":"Blur"},{"not_picked":["Dagger Spray","Flying Knee"],"picked":"Footwork"},{"not_picked":["Escape Plan","Prepared","Setup"],"picked":"Backflip"},{"not_picked":["Dodge and Roll","Quick Slash","Terror"],"picked":"Escape Plan"},{"not_picked":["Dagger Spray","Outmaneuver","Eviscerate"],"picked":"Dash"}],"player_experience":713083,"potions_floor_usage":[7,13,24,24,25,27,36,38,41],"damage_taken":[{"damage":0,"enemies":"2 Louse","floor":1,"turns":3},{"damage":0,"enemies":"Small Slimes","floor":3,"turns":3},{"damage":0,"enemies":"Cultist","floor":4,"turns":3},{"damage":12,"enemies":"Gremlin Nob","floor":7,"turns":4},{"damage":4,"enemies":"Looter","floor":8,"turns":3},{"damage":14,"enemies":"Gremlin Gang","floor":10,"turns":5},{"damage":3,"enemies":"Exordium Thugs","floor":13,"turns":3},{"damage":63,"enemies":"The Guardian","floor":16,"turns":14},{"damage":6,"enemies":"3 Byrds","floor":18,"turns":5},{"damage":9,"enemies":"Shell Parasite","floor":20,"turns":5},{"damage":4,"enemies":"Snake Plant","floor":24,"turns":4},{"damage":0,"enemies":"3 Cultists","floor":25,"turns":3},{"damage":0,"enemies":"Snecko","floor":27,"turns":6},{"damage":44,"enemies":"Collector","floor":33,"turns":11},{"damage":4,"enemies":"Orb Walker","floor":35,"turns":4},{"damage":19,"enemies":"3 Darklings","floor":36,"turns":5},{"damage":29,"enemies":"4 Shapes","floor":38,"turns":7},{"damage":23,"enemies":"Sphere and 2 Shapes","floor":41,"turns":5},{"damage":3,"enemies":"Maw","floor":45,"turns":9},{"damage":34,"enemies":"3 Darklings","floor":48,"turns":4},{"damage":32,"enemies":"Donu and Deca","floor":50,"turns":4}],"event_choices":[{"event_name":"Golden Idol","player_choice":"Lose Max HP","floor":2,"damage_taken":0},{"event_name":"Bonfire Elementals","player_choice":"BASIC","floor":12,"damage_taken":0},{"event_name":"Match and Keep!","player_choice":"1 cards matched","floor":14,"damage_taken":0},{"event_name":"The Mausoleum","player_choice":"No","floor":19,"damage_taken":0},{"event_name":"Drug Dealer","player_choice":"Ignored","floor":22,"damage_taken":0},{"event_name":"Vampires","player_choice":"Ignored","floor":29,"damage_taken":0},{"event_name":"Winding Halls","player_choice":"Embrace Madness","floor":37,"damage_taken":0},{"event_name":"Transmorgrifier","player_choice":"Skipped","floor":46,"damage_taken":0},{"event_name":"Tomb of Lord Red Mask","player_choice":"Paid","floor":47,"damage_taken":0}],"boss_relics":[{"not_picked":["Philosopher\u0027s Stone","Eternal Feather"],"picked":"Pandora\u0027s Box"},{"not_picked":["Calling Bell","Runic Dome"],"picked":"Question Card"}],"potions_floor_spawned":[3,8,10,13,20,24,35,36,38],"seed_played":"-1465592842623311389","killed_by":"Donu and Deca","ascension_level":0,"is_trial":false}