{"path_per_floor":["M","M","?","$","M","E","R","M","T","M","?","?","$","E","R","B",null,"M","M","$","?","?","R","M","R","T","?","R","$","M","M","R","B",null,"M","M","$","M","$","R","M","R","T","M","?","M","M","M","R","B"],"character_chosen":"THE_SILENT","items_purchased":["Leg Sweep","Toxic Egg 2","Shuriken"],"gold_per_floor":[111,121,121,46,70,109,109,132,132,151,151,229,129,168,168,299,299,319,340,23,23,23,23,48,48,48,48,48,48,69,83,83,206,206,230,254,3,27,27,27,45,45,45,61,61,81,95,115,115,115],"floor_reached":51,"campfire_rested":2,"playtime":3402,"current_hp_per_floor":[70,70,65,65,58,52,52,52,52,54,54,46,46,46,65,55,65,59,61,61,61,61,61,63,63,63,63,63,63,56,58,58,44,65,65,65,65,65,65,65,44,63,63,62,62,61,65,65,65,35],"items_purged":["Defend_G","Strike_G"],"gold":115,"score":511,"play_id":"fe39c3fc-70a6-488a-bda9-65f169939486","is_prod":false,"is_daily":false,"is_ascension_mode":false,"campfire_upgraded":5,"path_taken":["M","M","?","$","M","E","R","M","T","?","?","?","?","E","R","BOSS","M","M","$","?","?","R","M","R","T","?","R","$","M","?","R","BOSS","M","M","$","M","?","R","M","R","T","M","?","M","M","M","R","BOSS"],"build_version":"2018-02-08-PROD1","purchased_purges":2,"victory":true,"master_deck":["Defend_G","Defend_G","Defend_G","Defend_G","Strike_G","Strike_G","Strike_G","Strike_G","Survivor","Neutralize","Backflip+1","Riddle With Holes","Riddle With Holes","Wraith Form+1","Eviscerate+1","Die Die Die","Footwork+1","Riddle With Holes","Terror","Dodge and Roll+1","Leg Sweep+1","Envenom","Dodge and Roll+1","PiercingWail+1","After Image","Leg Sweep+1","A Thousand Cuts"],"max_hp_per_floor":[70,70,65,65,65,65,65,65,65,65,65,65,65,65,65,65,65,65,65,65,65,65,65,65,65,65,65,65,65,65,65,65,65,65,65,65,65,65,65,65,65,65,65,65,65,65,65,65,65,65],"relics":["Snecko Eye","Golden Idol","Thread and Needle","Bird Faced Urn","Ancient Tea Set","Anchor","Lizard Tail","Toxic Egg 2","Shovel","Ornamental Fan","Cursed Key","Shuriken","Peace Pipe"],"card_choices":[{"not_picked":["Quick Slash","Dodge and Roll"],"picked":"Backflip"},{"not_picked":["Accuracy","Footwork"],"picked":"Riddle With Holes"},{"not_picked":["Reflex","Endless Agony"],"picked":"Riddle With Holes"},{"not_picked":["Backflip","Underhanded Strike"],"picked":"Wraith Form"},{"not_picked":["Cloak And Dagger","Terror"],"picked":"Eviscerate"},{"not_picked":["Outmaneuver","Distraction"],"picked":"Riddle With Holes"},{"not_picked":["Flying Knee","Catalyst"],"picked":"Terror"},{"not_picked":["Bane","Underhanded Strike"],"picked":"Dodge and Roll"},{"not_picked":["Glass Knife","After Image"],"picked":"Envenom"},{"not_picked":["Setup","Skewer"],"picked":"Dodge and Roll"},{"not_picked":["Prepared","Endless Agony"],"picked":"PiercingWail"},{"not_picked":["Heel Hook","Quick Slash"],"picked":"After Image"},{"not_picked":["Dagger Spray","Flying Knee"],"picked":"A Thousand Cuts"}],"player_experience":724796,"potions_floor_usage":[10,12,14,16,24,33,33,35,36,48,48,50,50],"damage_taken":[{"damage":0,"enemies":"Cultist","floor":1,"turns":4},{"damage":0,"enemies":"Small Slimes","floor":2,"turns":5},{"damage":7,"enemies":"Blue Slaver","floor":5,"turns":4},{"damage":6,"enemies":"3 Sentries","floor":6,"turns":8},{"damage":0,"enemies":"Looter","floor":8,"turns":2},{"damage":0,"enemies":"Gremlin Gang","floor":10,"turns":4},{"damage":10,"enemies":"Lagavulin Event","floor":12,"turns":5},{"damage":0,"enemies":"Gremlin Nob","floor":14,"turns":2},{"damage":12,"enemies":"Hexaghost","floor":16,"turns":8},{"damage":8,"enemies":"2 Thieves","floor":18,"turns":4},{"damage":0,"enemies":"3 Byrds","floor":19,"turns":5},{"damage":2,"enemies":"Cultist and Chosen","floor":24,"turns":5},{"damage":9,"enemies":"Snake Plant","floor":30,"turns":3},{"damage":0,"enemies":"Snecko","floor":31,"turns":4},{"damage":18,"enemies":"Champ","floor":33,"turns":11},{"damage":0,"enemies":"3 Darklings","floor":35,"turns":4},{"damage":0,"enemies":"3 Shapes","floor":36,"turns":4},{"damage":0,"enemies":"Maw","floor":38,"turns":8},{"damage":23,"enemies":"Sphere and 2 Shapes","floor":41,"turns":6},{"damage":5,"enemies":"3 Darklings","floor":44,"turns":4},{"damage":5,"enemies":"4 Shapes","floor":46,"turns":6},{"damage":0,"enemies":"Maw","floor":47,"turns":7},{"damage":2,"enemies":"Sphere and 2 Shapes","floor":48,"turns":7},{"damage":30,"enemies":"Donu and Deca","floor":50,"turns":10}],"event_choices":[{"event_name":"Golden Idol","player_choice":"Lose Max HP","floor":3,"damage_taken":0},{"event_name":"Match and Keep!","player_choice":"2 cards matched","floor":11,"damage_taken":0},{"event_name":"Dead Adventurer","player_choice":"Searched \u00272\u0027 times","floor":12,"damage_taken":0},{"event_name":"Accursed Blacksmith","player_choice":"Ignore","floor":21,"damage_taken":0},{"event_name":"Vampires","player_choice":"Ignored","floor":22,"damage_taken":0},{"event_name":"Addict","player_choice":"Ignored","floor":27,"damage_taken":0},{"event_name":"Duplicator","player_choice":"One dupe","floor":45,"damage_taken":0}],"boss_relics":[{"not_picked":["Black Star","Runic Dome"],"picked":"Lizard Tail"},{"not_picked":["Astrolabe","White Beast Statue"],"picked":"Cursed Key"}],"potions_floor_spawned":[6,10,12,14,18,30,31,33,35,38,44,46,48],"seed_played":"3595597907576184425","ascension_level":0,"is_trial":false}