{"path_per_floor":["M","?","M","?","M","E","M","$","T","R","$","M","M","M","R","B",null,"M","?","M","M","$","R","T","E","T","R","M","T","?","$","R","B",null,"M","$","?","T","M","?","R","M","T","M","M","M","R","M","R","B"],"character_chosen":"THE_SILENT","items_purchased":["Well Laid Plans","Molten Egg 2","Backstab","Flying Knee","Apotheosis"],"gold_per_floor":[109,109,128,128,145,479,494,346,346,376,89,105,119,134,134,233,233,244,169,180,195,43,43,43,71,71,71,91,91,91,91,91,191,191,206,7,7,32,45,45,45,64,118,138,151,162,162,177,177,177],"floor_reached":51,"campfire_rested":2,"playtime":2922,"current_hp_per_floor":[70,70,70,70,70,62,62,62,62,62,62,62,62,62,62,32,70,70,70,70,70,70,70,70,60,60,60,58,58,58,58,70,9,70,56,56,56,56,56,56,56,56,56,57,58,60,60,59,70,20],"items_purged":["Strike_G","Defend_G"],"gold":177,"score":496,"play_id":"54808b0e-8ebc-46d1-b28c-7c7283dca8dd","is_prod":false,"is_daily":false,"is_ascension_mode":false,"campfire_upgraded":4,"path_taken":["M","?","M","?","M","E","M","$","T","R","$","M","M","M","R","BOSS","M","?","?","M","$","R","?","E","T","R","M","?","?","?","R","BOSS","M","$","?","?","M","?","R","M","T","?","M","M","R","M","R","BOSS"],"build_version":"2018-02-12-PROD1","purchased_purges":2,"victory":true,"master_deck":["Defend_G","Defend_G","Defend_G","Strike_G","Strike_G","Strike_G","Survivor","Neutralize","Dash","Dagger Spray","Leg Sweep","Doppelganger+1","Backflip","Glass Knife+1","Outmaneuver","Well Laid Plans","Backstab+1","PiercingWail","All Out Attack+1","Die Die Die+1","Cloak And Dagger","Cloak And Dagger+1","Flying Knee+1","Blade Dance+1","Blur","Burst+1","Apotheosis+1","Blur","Blur+1","Cloak And Dagger+1","Malaise+1","Terror+1"],"max_hp_per_floor":[70,70,70,70,70,70,70,70,70,70,70,70,70,70,70,70,70,70,70,70,70,70,70,70,70,70,70,70,70,70,70,70,70,70,70,70,70,70,70,70,70,70,70,70,70,70,70,70,70,70],"relics":["Ring of the Snake","Old Coin","Shovel","Tiny Chest","Molten Egg 2","Shuriken","Question Card","Oddly Smooth Stone","Snake Skull","Tingsha","Blood Vial","Black Star","Pen Nib","Bag of Marbles"],"card_choices":[{"not_picked":["Flying Knee","Leg Sweep"],"picked":"Dash"},{"not_picked":["Quick Slash","Reflex"],"picked":"Dagger Spray"},{"not_picked":["Dash","Dagger Throw"],"picked":"Leg Sweep"},{"not_picked":["Poisoned Stab","Masterful Stab"],"picked":"Backflip"},{"not_picked":["Endless Agony","Riddle With Holes"],"picked":"Glass Knife"},{"not_picked":["Poisoned Stab","Riddle With Holes"],"picked":"Outmaneuver"},{"not_picked":["Outmaneuver","Underhanded Strike"],"picked":"PiercingWail"},{"not_picked":["Backflip","Bane"],"picked":"All Out Attack"},{"not_picked":["Tactician","Corpse Explosion"],"picked":"Die Die Die"},{"not_picked":["Catalyst","Endless Agony","Bane"],"picked":"Cloak And Dagger"},{"not_picked":["Outmaneuver","Deadly Poison","Slice"],"picked":"Cloak And Dagger"},{"not_picked":["Quick Slash","Distraction","Skewer"],"picked":"Blade Dance"},{"not_picked":["Deflect","Dagger Throw","Slice"],"picked":"Blur"},{"not_picked":["Wraith Form","Die Die Die","Grand Finale"],"picked":"Burst"},{"not_picked":["Quick Slash","Outmaneuver","Acrobatics"],"picked":"Blur"},{"not_picked":["Quick Slash","Underhanded Strike","Slice"],"picked":"Cloak And Dagger"},{"not_picked":["Eviscerate","Backstab","Underhanded Strike"],"picked":"Malaise"},{"not_picked":["Leg Sweep","Dagger Throw","Deadly Poison"],"picked":"Terror"}],"player_experience":555429,"potions_floor_usage":[6,14,16,20,20,35,50,50,50],"damage_taken":[{"damage":0,"enemies":"Small Slimes","floor":1,"turns":4},{"damage":0,"enemies":"Jaw Worm","floor":3,"turns":3},{"damage":0,"enemies":"Cultist","floor":5,"turns":4},{"damage":8,"enemies":"3 Sentries","floor":6,"turns":8},{"damage":0,"enemies":"2 Fungi Beasts","floor":7,"turns":2},{"damage":0,"enemies":"Exordium Thugs","floor":12,"turns":5},{"damage":0,"enemies":"Large Slime","floor":13,"turns":4},{"damage":0,"enemies":"Gremlin Gang","floor":14,"turns":2},{"damage":30,"enemies":"Hexaghost","floor":16,"turns":11},{"damage":0,"enemies":"Spheric Guardian","floor":18,"turns":3},{"damage":0,"enemies":"Chosen","floor":20,"turns":4},{"damage":0,"enemies":"3 Cultists","floor":21,"turns":4},{"damage":10,"enemies":"Book of Stabbing","floor":25,"turns":6},{"damage":2,"enemies":"Chosen and Byrds","floor":28,"turns":3},{"damage":61,"enemies":"Collector","floor":33,"turns":14},{"damage":14,"enemies":"3 Darklings","floor":35,"turns":7},{"damage":2,"enemies":"Orb Walker","floor":39,"turns":4},{"damage":2,"enemies":"4 Shapes","floor":42,"turns":3},{"damage":1,"enemies":"Sphere and 2 Shapes","floor":44,"turns":4},{"damage":1,"enemies":"3 Darklings","floor":45,"turns":5},{"damage":0,"enemies":"Maw","floor":46,"turns":8},{"damage":3,"enemies":"Sphere and 2 Shapes","floor":48,"turns":3},{"damage":50,"enemies":"Donu and Deca","floor":50,"turns":9}],"event_choices":[{"event_name":"Liars Game","player_choice":"disagreed","floor":2,"damage_taken":0},{"event_name":"Living Wall","player_choice":"Change","floor":4,"damage_taken":0},{"event_name":"Beggar","player_choice":"Gave Gold","floor":19,"damage_taken":0},{"event_name":"Drug Dealer","player_choice":"Ignored","floor":30,"damage_taken":0},{"event_name":"Duplicator","player_choice":"One dupe","floor":37,"damage_taken":0},{"event_name":"Accursed Blacksmith","player_choice":"Forge","floor":40,"damage_taken":0}],"boss_relics":[{"not_picked":["Runic Dome","Snecko Eye"],"picked":"Question Card"},{"not_picked":["Runic Pyramid","Philosopher\u0027s Stone"],"picked":"Black Star"}],"potions_floor_spawned":[5,6,7,13,18,33,42,44,46],"seed_played":"-6392660273512129441","ascension_level":0,"is_trial":false}