{"path_per_floor":["M","?","M","$","?","R","?","E","T","R","M","M","M","?","R","B",null,"M","M","M","$","?","R","M","M","T","M","M","R","T","?","R","B",null,"M","?","M","?","$","R","M","M","T","?","R","M","M","$","R","B"],"character_chosen":"THE_SILENT","items_purchased":["Apotheosis","Finesse","Good Instincts","Fire Potion"],"gold_per_floor":[216,216,231,26,26,26,26,57,83,83,99,118,132,82,82,184,184,198,182,198,31,31,31,41,53,83,103,118,118,118,118,118,222,222,232,232,252,252,58,58,68,86,86,86,86,102,116,68,68,68],"floor_reached":51,"campfire_rested":3,"playtime":3348,"current_hp_per_floor":[68,65,65,65,65,65,51,51,51,51,51,51,51,51,51,61,70,68,67,67,67,58,58,70,69,69,52,36,58,58,75,75,37,75,75,75,54,54,54,54,53,53,53,53,75,56,49,49,71,30],"items_purged":["Strike_G","Strike_G"],"gold":68,"play_id":"9a2f5572-3b84-4e64-ba0e-e96f531fa164","is_prod":false,"is_daily":false,"is_ascension_mode":false,"campfire_upgraded":6,"path_taken":["M","?","M","$","?","R","?","E","T","R","M","M","?","?","R","BOSS","M","M","M","$","?","R","M","M","T","?","?","R","?","?","R","BOSS","M","?","M","?","$","R","M","?","T","?","R","M","M","$","R","BOSS"],"build_version":"2018-02-01-PROD3","purchased_purges":2,"victory":true,"master_deck":["Defend_G+1","Defend_G","Defend_G","Strike_G","Strike_G","Strike_G","Survivor+1","Neutralize+1","Leg Sweep","Footwork+1","Apotheosis+1","Flying Knee","Adrenaline","Caltrops+1","Noxious Fumes+1","Dash","Envenom+1","Quick Slash","Poisoned Stab+1","Finesse","Bullet Time+1","All Out Attack","Backstab+1","PiercingWail+1","Good Instincts","Prepared+1","Escape Plan+1","Backflip+1"],"max_hp_per_floor":[70,70,70,70,70,70,70,70,70,70,70,70,70,70,70,70,70,70,70,70,70,75,75,75,75,75,75,75,75,75,75,75,75,75,75,75,75,75,75,75,75,75,75,75,75,75,75,75,75,75],"relics":["Ring of the Snake","Mummified Hand","Tough Bandages","Snake Skull","The Specimen","Tiny Chest","Bag of Marbles","Question Card","Du-Vu Doll"],"card_choices":[{"not_picked":["Predator","Setup"],"picked":"Leg Sweep"},{"not_picked":["Malaise","Setup"],"picked":"Footwork"},{"not_picked":["Underhanded Strike","Dagger Throw"],"picked":"Adrenaline"},{"not_picked":["Deflect","Outmaneuver"],"picked":"Caltrops"},{"not_picked":["Deflect","Flying Knee"],"picked":"Noxious Fumes"},{"not_picked":["Bullet Time","Deflect"],"picked":"Dash"},{"not_picked":["Storm of Steel","After Image"],"picked":"Envenom"},{"not_picked":["Dodge and Roll","Skewer"],"picked":"Quick Slash"},{"not_picked":["Quick Slash","Concentrate"],"picked":"Poisoned Stab"},{"not_picked":["Concentrate","Quick Slash"],"picked":"Bullet Time"},{"not_picked":["Prepared","Acrobatics"],"picked":"All Out Attack"},{"not_picked":["Venomology","Leg Sweep"],"picked":"Backstab"},{"not_picked":["Glass Knife","Phantasmal Killer"],"picked":"Die Die Die"},{"not_picked":["Infinite Blades","Concentrate","Calculated Gamble"],"picked":"PiercingWail"},{"not_picked":["Heel Hook","Quick Slash","Eviscerate"],"picked":"Prepared"},{"not_picked":["Prepared","Dodge and Roll","Quick Slash"],"picked":"Escape Plan"},{"not_picked":["Setup","Leg Sweep","Riddle With Holes"],"picked":"Backflip"}],"player_experience":668451,"potions_floor_usage":[8,16,16,19,24,27,33,37,41,50,50,50],"damage_taken":[{"damage":2,"enemies":"Small Slimes","floor":1,"turns":5},{"damage":0,"enemies":"2 Louse","floor":3,"turns":3},{"damage":0,"enemies":"3 Sentries","floor":8,"turns":6},{"damage":0,"enemies":"Blue Slaver","floor":11,"turns":3},{"damage":0,"enemies":"Looter","floor":12,"turns":2},{"damage":0,"enemies":"Red Slaver","floor":13,"turns":4},{"damage":5,"enemies":"Hexaghost","floor":16,"turns":8},{"damage":2,"enemies":"Spheric Guardian","floor":18,"turns":6},{"damage":1,"enemies":"2 Thieves","floor":19,"turns":4},{"damage":0,"enemies":"Snecko","floor":20,"turns":6},{"damage":0,"enemies":"Centurion and Healer","floor":24,"turns":5},{"damage":1,"enemies":"Sentry and Sphere","floor":25,"turns":7},{"damage":17,"enemies":"Cultist and Chosen","floor":27,"turns":5},{"damage":16,"enemies":"Slaver and Parasite","floor":28,"turns":4},{"damage":38,"enemies":"Automaton","floor":33,"turns":8},{"damage":0,"enemies":"Orb Walker","floor":35,"turns":4},{"damage":21,"enemies":"3 Shapes","floor":37,"turns":4},{"damage":1,"enemies":"3 Darklings","floor":41,"turns":5},{"damage":0,"enemies":"4 Shapes","floor":42,"turns":4},{"damage":19,"enemies":"Sphere and 2 Shapes","floor":46,"turns":5},{"damage":7,"enemies":"3 Darklings","floor":47,"turns":5},{"damage":41,"enemies":"Time Eater","floor":50,"turns":13}],"event_choices":[{"event_name":"Scrap Ooze","player_choice":"success","floor":2,"damage_taken":3},{"event_name":"Living Wall","player_choice":"Change","floor":5,"damage_taken":0},{"event_name":"Shining Light","player_choice":"Entered Light","floor":7,"damage_taken":0},{"event_name":"The Cleric","player_choice":"Card Removal","floor":14,"damage_taken":0},{"event_name":"Forgotten Altar","player_choice":"Shed Blood","floor":22,"damage_taken":0},{"event_name":"The Library","player_choice":"Heal","floor":31,"damage_taken":0},{"event_name":"Tomb of Lord Red Mask","player_choice":"Ignored","floor":36,"damage_taken":0},{"event_name":"Upgrade Shrine","player_choice":"Upgraded","floor":44,"damage_taken":0}],"boss_relics":[{"not_picked":["Eternal Feather","Calling Bell"],"picked":"The Specimen"},{"not_picked":["Orrery","Velvet Choker"],"picked":"Question Card"}],"potions_floor_spawned":[1,3,12,13,16,24,28,33,35,37,46],"seed_played":"2564354680329343669","ascension_level":0,"is_trial":false}