{"path_per_floor":["M","M","?","M","M","E","R","?","T","R","?","R","?","$","R","B",null,"M","?"],"character_chosen":"THE_SILENT","items_purchased":["Apotheosis","Backflip"],"gold_per_floor":[109,120,220,234,252,277,277,277,277,277,277,277,277,24,24,149,149,172,172],"floor_reached":20,"campfire_rested":2,"playtime":788,"current_hp_per_floor":[58,58,58,58,58,19,40,26,26,47,47,47,47,47,47,16,65,54,54],"items_purged":[],"gold":112,"score":170,"play_id":"11581ee5-852d-4045-bce3-ffa73765ddc4","is_prod":false,"is_daily":false,"is_ascension_mode":false,"campfire_upgraded":1,"path_taken":["M","M","?","?","M","E","R","?","T","R","?","R","?","$","R","BOSS","M","?","M"],"build_version":"2018-02-15-PROD1","purchased_purges":0,"victory":false,"master_deck":["Defend_G","Defend_G+1","Defend_G","Defend_G","Strike_G","Strike_G","Strike_G+1","Survivor","Neutralize","Heel Hook","Dagger Spray+1","Prepared","Blur","Apotheosis","Backflip","Bullet Time","Flying Knee+1","Grand Finale+1","Grand Finale+1"],"max_hp_per_floor":[70,70,70,70,70,70,70,70,70,70,65,65,65,65,65,65,65,65,65],"relics":["Ring of the Snake","Orichalcum","Blood Vial","Bloody Idol","Girya","Astrolabe"],"card_choices":[{"not_picked":["Deadly Poison","Caltrops"],"picked":"Heel Hook"},{"not_picked":["Expertise","Escape Plan"],"picked":"Dagger Spray"},{"not_picked":["Dodge and Roll","Slice"],"picked":"Prepared"},{"not_picked":["Distraction","Backstab"],"picked":"Blur"},{"not_picked":["Wraith Form","After Image"],"picked":"Bullet Time"}],"player_experience":734151,"potions_floor_usage":[4,5,6,18,20],"damage_taken":[{"damage":12,"enemies":"Jaw Worm","floor":1,"turns":6},{"damage":0,"enemies":"Cultist","floor":2,"turns":4},{"damage":0,"enemies":"Small Slimes","floor":4,"turns":3},{"damage":0,"enemies":"Looter","floor":5,"turns":3},{"damage":39,"enemies":"Gremlin Nob","floor":6,"turns":6},{"damage":33,"enemies":"Hexaghost","floor":16,"turns":16},{"damage":11,"enemies":"Spheric Guardian","floor":18,"turns":6},{"damage":13,"enemies":"2 Thieves","floor":20,"turns":3}],"event_choices":[{"event_name":"Golden Shrine","player_choice":"Pray","floor":3,"damage_taken":0},{"event_name":"Shining Light","player_choice":"Entered Light","floor":8,"damage_taken":0},{"event_name":"Golden Idol","player_choice":"Lose Max HP","floor":11,"damage_taken":0},{"event_name":"Dead Adventurer","player_choice":"Searched \u00272\u0027 times","floor":13,"damage_taken":0},{"event_name":"Forgotten Altar","player_choice":"Gave Idol","floor":19,"damage_taken":0}],"boss_relics":[{"not_picked":["The Specimen","Snecko Eye"],"picked":"Astrolabe"}],"potions_floor_spawned":[1,2,5,16,18],"seed_played":"-4726354930272960920","killed_by":"2 Thieves","ascension_level":0,"is_trial":false}