{"path_per_floor":["M","$","?","M","?","R","M","?","T","E","R","M","M","?","R","B",null,"M","$","?","?","M","R","M","R","T","M","M","M","M","$","R","B",null,"M","$","M","M","?","R","M","T","T","M","R","?","$","$","R","B"],"character_chosen":"THE_SILENT","items_purchased":["Footwork","Dagger Spray","PiercingWail","Dexterity Potion","Oddly Smooth Stone","Regen Potion"],"gold_per_floor":[209,8,8,23,98,98,118,118,118,153,153,170,180,205,205,301,301,313,168,168,83,102,102,113,113,136,152,171,190,205,80,80,177,177,195,144,159,179,179,179,199,199,199,216,216,216,17,17,17,17],"floor_reached":51,"campfire_rested":3,"playtime":2319,"current_hp_per_floor":[68,68,54,52,41,62,62,62,62,42,42,42,42,42,63,50,70,70,70,70,70,70,70,70,70,70,70,70,70,70,70,70,44,70,70,70,70,62,62,62,57,63,63,62,62,52,52,52,74,24],"items_purged":["Strike_G","Writhe","Defend_G"],"gold":17,"score":649,"play_id":"388a85d8-99e2-4dc8-b5e9-17e6ab0de8cd","local_time":"20180321224625","is_prod":false,"is_daily":false,"is_ascension_mode":false,"campfire_upgraded":6,"timestamp":1521668785,"path_taken":["M","$","?","M","?","R","M","?","T","E","R","?","M","?","R","BOSS","M","$","?","?","M","R","M","R","T","M","?","?","M","$","R","BOSS","M","$","M","M","?","R","M","?","T","?","R","?","?","$","R","BOSS"],"build_version":"2018-03-15v3","purchased_purges":4,"victory":true,"master_deck":["Defend_G","Defend_G","Defend_G","Defend_G","Strike_G","Strike_G","Strike_G","Survivor+1","Neutralize+1","Dagger Throw","Footwork+1","Dagger Spray+1","Malaise+1","A Thousand Cuts+1","Calculated Gamble+1","Dagger Throw","Dash","Backstab","Injury","Parasite","PiercingWail","Terror+1","Dash+1","Prepared+1","Cloak And Dagger+1","Dodge and Roll+1","Glass Knife+1","Caltrops+1","Injury","Madness+1","Madness+1"],"max_hp_per_floor":[70,70,70,70,70,70,70,70,70,70,70,70,70,70,70,70,70,70,70,70,70,70,70,70,70,70,70,70,70,70,70,70,70,70,70,70,70,70,70,70,70,76,76,76,76,76,76,76,76,76],"relics":["Ring of the Snake","Du-Vu Doll","Tough Bandages","Odd Mushroom","Calling Bell","Darkstone Periapt","Vajra","Bag of Preparation","Toxic Egg 2","Bronze Scales","Cursed Key","Toolbox","Oddly Smooth Stone"],"card_choices":[{"not_picked":["Predator","Dodge and Roll"],"picked":"Dagger Throw"},{"not_picked":["Footwork","Underhanded Strike"],"picked":"Malaise"},{"not_picked":["Reflex","Bouncing Flask"],"picked":"Calculated Gamble"},{"not_picked":["Well Laid Plans","Sucker Punch"],"picked":"Dagger Throw"},{"not_picked":["Prepared","Quick Slash"],"picked":"Dash"},{"not_picked":["Deadly Poison","Choke"],"picked":"Backstab"},{"not_picked":["Caltrops","Reflex"],"picked":"Terror"},{"not_picked":["Dagger Throw","Acrobatics"],"picked":"Dash"},{"not_picked":["Backstab","Deadly Poison"],"picked":"Prepared"},{"not_picked":["Skewer","Eviscerate"],"picked":"Cloak And Dagger"},{"not_picked":["Underhanded Strike","Backflip"],"picked":"Dodge and Roll"},{"not_picked":["Grand Finale","Phantasmal Killer"],"picked":"Glass Knife"},{"not_picked":["Bane","Underhanded Strike"],"picked":"Caltrops"}],"player_experience":905270,"potions_floor_usage":[50,50,50],"damage_taken":[{"damage":2.0,"enemies":"Small Slimes","floor":1.0,"turns":5.0},{"damage":2.0,"enemies":"2 Louse","floor":4.0,"turns":3.0},{"damage":0.0,"enemies":"Cultist","floor":7.0,"turns":3.0},{"damage":20.0,"enemies":"Gremlin Nob","floor":10.0,"turns":6.0},{"damage":0.0,"enemies":"3 Louse","floor":12.0,"turns":2.0},{"damage":0.0,"enemies":"Blue Slaver","floor":13.0,"turns":4.0},{"damage":0.0,"enemies":"The Mushroom Lair","floor":14.0,"turns":2.0},{"damage":13.0,"enemies":"Slime Boss","floor":16.0,"turns":7.0},{"damage":0.0,"enemies":"Chosen","floor":18.0,"turns":4.0},{"damage":0.0,"enemies":"2 Thieves","floor":22.0,"turns":3.0},{"damage":0.0,"enemies":"Snake Plant","floor":24.0,"turns":5.0},{"damage":0.0,"enemies":"3 Cultists","floor":27.0,"turns":3.0},{"damage":0.0,"enemies":"Slaver and Parasite","floor":28.0,"turns":6.0},{"damage":0.0,"enemies":"Snake Plant","floor":29.0,"turns":2.0},{"damage":0.0,"enemies":"Chosen and Byrds","floor":30.0,"turns":5.0},{"damage":26.0,"enemies":"Champ","floor":33.0,"turns":13.0},{"damage":0.0,"enemies":"3 Darklings","floor":35.0,"turns":3.0},{"damage":0.0,"enemies":"3 Shapes","floor":37.0,"turns":4.0},{"damage":8.0,"enemies":"Maw","floor":38.0,"turns":8.0},{"damage":5.0,"enemies":"3 Darklings","floor":41.0,"turns":4.0},{"damage":1.0,"enemies":"4 Shapes","floor":44.0,"turns":4.0},{"damage":65,"enemies":"Donu and Deca","floor":50,"turns":10}],"event_choices":[{"event_name":"Shining Light","player_choice":"Entered Light","floor":3.0,"damage_taken":0.0},{"event_name":"World of Goop","player_choice":"Gather Gold","floor":5.0,"damage_taken":0.0},{"event_name":"Living Wall","player_choice":"Change","floor":8.0,"damage_taken":0.0},{"event_name":"Mushrooms","player_choice":"Fought Mushrooms","floor":14.0,"damage_taken":0.0},{"event_name":"Drug Dealer","player_choice":"Ignored","floor":20.0,"damage_taken":0.0},{"event_name":"Addict","player_choice":"Obtained Relic","floor":21.0,"damage_taken":0.0},{"event_name":"Mysterious Sphere","player_choice":"Ignore","floor":39.0,"damage_taken":0.0},{"event_name":"Winding Halls","player_choice":"Embrace Madness","floor":46.0,"damage_taken":0.0}],"boss_relics":[],"potions_floor_spawned":[7,10,13,14,18,27,30,38,44],"seed_played":"-7753968381250591266","ascension_level":0,"is_trial":false}