{"path_per_floor":["M","$","M","M","M","R","E","R","T","M","E","?","M","$","R","B",null,"M","M","M","$","?","R","M","M","T","?","M","R","M","?","R","B",null,"M","$","?","?","$","R","M","M","T","M","R","M","M","M","R","B"],"character_chosen":"THE_SILENT","items_purchased":["Noxious Fumes","Trip","Panache"],"gold_per_floor":[119,44,62,74,90,90,120,120,120,139,174,174,194,54,54,154,154,171,187,201,112,112,112,132,145,169,169,183,183,200,300,300,400,400,411,78,178,178,28,28,47,60,85,95,95,115,127,146,146,146],"floor_reached":51,"campfire_rested":0,"playtime":3352,"current_hp_per_floor":[70,70,70,69,67,67,66,66,66,66,62,48,48,48,48,48,70,68,67,67,67,67,70,70,60,60,60,56,66,60,60,70,41,70,70,70,70,70,70,70,70,64,64,64,70,65,61,61,70,65],"items_purged":["Strike_G","Defend_G","Strike_G","Writhe"],"gold":146,"score":690,"play_id":"94fd850e-7bd7-401a-90ca-5b1fd9dabbab","local_time":"20180317010218","is_prod":false,"is_daily":false,"is_ascension_mode":false,"campfire_upgraded":9,"timestamp":1521244938,"path_taken":["M","$","M","M","M","R","E","R","T","M","E","?","M","$","R","BOSS","M","M","M","$","?","R","M","?","T","?","M","R","M","?","R","BOSS","M","$","?","?","$","R","?","M","T","?","R","M","M","M","R","BOSS"],"build_version":"2018-03-15v2","purchased_purges":6,"victory":true,"master_deck":["Defend_G","Defend_G","Defend_G","Defend_G","Strike_G","Strike_G","Strike_G+1","Survivor","Neutralize+1","Flying Knee","Prepared+1","Terror+1","Dagger Throw+1","Cloak And Dagger","Deflect","Leg Sweep","Noxious Fumes+1","Adrenaline","Acrobatics+1","Dagger Spray+1","Trip+1","Deflect","Caltrops+1","Blur","Footwork+1","Tools of the Trade","Backstab","Panache+1","Cloak And Dagger+1","Writhe","Escape Plan+1","Cloak And Dagger+1"],"max_hp_per_floor":[70,70,70,70,70,70,70,70,70,70,70,70,70,70,70,70,70,70,70,70,70,70,70,70,70,70,70,70,70,70,70,70,70,70,70,70,70,70,70,70,70,70,70,70,70,70,70,70,70,70],"relics":["Ring of the Snake","Bag of Preparation","Ancient Tea Set","Tingsha","Mummified Hand","Eternal Feather","Bronze Scales","Cursed Key","Bag of Marbles"],"card_choices":[{"not_picked":["Underhanded Strike","Dagger Throw"],"picked":"Flying Knee"},{"not_picked":["Bane","Slice"],"picked":"Prepared"},{"not_picked":["Cloak And Dagger","Prepared"],"picked":"Terror"},{"not_picked":["Prepared","Deflect"],"picked":"Dagger Throw"},{"not_picked":["Outmaneuver","Well Laid Plans"],"picked":"Cloak And Dagger"},{"not_picked":["Reflex","Slice"],"picked":"Deflect"},{"not_picked":["Well Laid Plans","Backflip"],"picked":"Leg Sweep"},{"not_picked":["Corpse Explosion","Phantasmal Killer"],"picked":"Adrenaline"},{"not_picked":["Underhanded Strike","Poisoned Stab"],"picked":"Acrobatics"},{"not_picked":["Terror","Deadly Poison"],"picked":"Dagger Spray"},{"not_picked":["Outmaneuver","Slice"],"picked":"Deflect"},{"not_picked":["Outmaneuver","Terror"],"picked":"Blur"},{"not_picked":["Backflip","Prepared"],"picked":"Footwork"},{"not_picked":["Phantasmal Killer","Die Die Die"],"picked":"Tools of the Trade"},{"not_picked":["Slice","Cloak And Dagger"],"picked":"Backstab"},{"not_picked":["Sucker Punch","Outmaneuver"],"picked":"Cloak And Dagger"},{"not_picked":["Outmaneuver","Catalyst"],"picked":"Escape Plan"},{"not_picked":["Crippling Poison","Deflect"],"picked":"Cloak And Dagger"}],"player_experience":878441,"potions_floor_usage":[44,50,50],"damage_taken":[{"damage":0.0,"enemies":"Small Slimes","floor":1.0,"turns":4.0},{"damage":0.0,"enemies":"Jaw Worm","floor":3.0,"turns":4.0},{"damage":1.0,"enemies":"Cultist","floor":4.0,"turns":4.0},{"damage":2.0,"enemies":"Blue Slaver","floor":5.0,"turns":6.0},{"damage":1.0,"enemies":"3 Sentries","floor":7.0,"turns":8.0},{"damage":0.0,"enemies":"3 Louse","floor":10.0,"turns":3.0},{"damage":4.0,"enemies":"Gremlin Nob","floor":11.0,"turns":3.0},{"damage":0.0,"enemies":"Exordium Thugs","floor":13.0,"turns":3.0},{"damage":0.0,"enemies":"Slime Boss","floor":16.0,"turns":6.0},{"damage":2.0,"enemies":"2 Thieves","floor":18.0,"turns":5.0},{"damage":1.0,"enemies":"3 Byrds","floor":19.0,"turns":4.0},{"damage":0.0,"enemies":"Snake Plant","floor":20.0,"turns":3.0},{"damage":0.0,"enemies":"3 Cultists","floor":24.0,"turns":4.0},{"damage":10.0,"enemies":"Chosen and Byrds","floor":25.0,"turns":6.0},{"damage":4.0,"enemies":"Slaver and Parasite","floor":28.0,"turns":5.0},{"damage":6.0,"enemies":"Snake Plant","floor":30.0,"turns":4.0},{"damage":29.0,"enemies":"Automaton","floor":33.0,"turns":9.0},{"damage":0.0,"enemies":"Orb Walker","floor":35.0,"turns":4.0},{"damage":0.0,"enemies":"3 Darklings","floor":41.0,"turns":4.0},{"damage":6.0,"enemies":"Maw","floor":42.0,"turns":7.0},{"damage":0,"enemies":"Sphere and 2 Shapes","floor":44,"turns":2},{"damage":5,"enemies":"4 Shapes","floor":46,"turns":4},{"damage":4,"enemies":"Maw","floor":47,"turns":6},{"damage":0,"enemies":"3 Darklings","floor":48,"turns":3},{"damage":5,"enemies":"Donu and Deca","floor":50,"turns":7}],"event_choices":[{"event_name":"Shining Light","player_choice":"Entered Light","floor":12.0,"damage_taken":0.0},{"event_name":"Cursed Tome","player_choice":"Ignored","floor":22.0,"damage_taken":0.0},{"event_name":"The Library","player_choice":"Read","floor":27.0,"damage_taken":0.0},{"event_name":"Golden Shrine","player_choice":"Pray","floor":31.0,"damage_taken":0.0},{"event_name":"Golden Shrine","player_choice":"Pray","floor":37.0,"damage_taken":0.0},{"event_name":"Winding Halls","player_choice":"Writhe","floor":38.0,"damage_taken":0.0}],"boss_relics":[],"potions_floor_spawned":[3,5,7,11,13,16,24,28,33,35,47,48],"seed_played":"-6367475624313066779","ascension_level":0,"is_trial":false}