{"path_per_floor":["M","$","?","?","M","E","R","?","T","?","R","M","M","M","R","B",null,"M","$","?","M","M","R","E","?","T","R","M","M","$","M","R","B",null,"M","?","M","$","M","E","R","?","T","M","M","R","$","M","R","B"],"character_chosen":"THE_SILENT","items_purchased":["Lee\u0027s Waffle","Footwork","Panache","Escape Plan","Noxious Fumes","Backflip"],"gold_per_floor":[115,40,40,40,57,84,84,84,84,445,445,460,477,494,494,592,592,612,316,416,433,443,443,477,477,477,477,496,507,63,80,80,176,206,219,219,237,53,68,103,103,203,229,247,265,265,218,236,236,236],"floor_reached":51,"campfire_rested":3,"playtime":3067,"current_hp_per_floor":[70,70,70,70,70,77,77,70,70,52,52,52,52,50,50,46,77,76,84,84,75,69,69,62,46,46,71,69,55,55,55,55,78,89,80,80,74,74,74,59,85,85,85,85,82,82,82,76,95,56],"items_purged":["Strike_G","Strike_G","Strike_G","Defend_G"],"gold":236,"score":749,"play_id":"ace71019-189f-4f23-aa7d-f5d7b3409ed4","local_time":"20180325210737","is_prod":false,"is_daily":false,"is_ascension_mode":false,"campfire_upgraded":6,"timestamp":1522004857,"path_taken":["M","$","?","?","?","E","R","?","T","?","R","M","M","M","R","BOSS","M","$","?","M","M","R","E","?","T","R","M","M","$","M","R","BOSS","M","?","M","$","M","E","R","?","T","M","M","R","$","M","R","BOSS"],"build_version":"2018-03-22v2","purchased_purges":7,"victory":true,"master_deck":["Defend_G","Defend_G","Defend_G","Strike_G","Survivor","Neutralize","Dagger Spray+1","Blade Dance+1","Sucker Punch","Accuracy+1","Backflip+1","Finisher","Slice","PiercingWail","After Image+1","Leg Sweep","Backflip","Slice+1","Malaise+1","Footwork","Panache","Escape Plan","A Thousand Cuts+1","Prepared+1","Noxious Fumes","Terror+1","Backflip"],"max_hp_per_floor":[70,70,70,70,70,77,77,77,77,77,77,77,77,77,77,77,77,77,84,84,84,84,84,84,84,84,84,84,84,84,84,84,84,89,89,89,89,89,89,89,89,89,89,91,93,93,93,95,95,95],"relics":["Ring of the Snake","NeowsBlessing","Strawberry","Pantograph","Ice Cream","Old Coin","Sozu","Lee\u0027s Waffle","Anchor","Nilry\u0027s Codex","Sundial","Tiny House","Matryoshka","Snake Skull","Singing Bowl"],"card_choices":[{"not_picked":["Bane","Heel Hook"],"picked":"Dagger Spray","floor":1.0},{"not_picked":["Flying Knee","Reflex"],"picked":"Accuracy","floor":5.0},{"not_picked":["Heel Hook","Blade Dance"],"picked":"Backflip","floor":6.0},{"not_picked":["Underhanded Strike","Slice"],"picked":"Finisher","floor":10.0},{"not_picked":["Bane","Skewer"],"picked":"Slice","floor":12.0},{"not_picked":["Poisoned Stab","Expertise"],"picked":"PiercingWail","floor":14.0},{"not_picked":["Phantasmal Killer","Tools of the Trade"],"picked":"After Image","floor":16.0},{"not_picked":["Quick Slash","Deadly Poison"],"picked":"Leg Sweep","floor":18.0},{"not_picked":["Deadly Poison","Masterful Stab"],"picked":"Backflip","floor":21.0},{"not_picked":["Flying Knee","Quick Slash"],"picked":"Slice","floor":22.0},{"not_picked":["Backflip","Masterful Stab"],"picked":"Malaise","floor":28.0},{"not_picked":["Burst","Storm of Steel"],"picked":"A Thousand Cuts","floor":33.0},{"not_picked":["Bane","Distraction"],"picked":"Prepared","floor":37.0},{"not_picked":["Poisoned Stab","Dagger Throw"],"picked":"Terror","floor":39.0}],"player_experience":937988,"potions_floor_usage":[],"damage_taken":[{"damage":0.0,"enemies":"Jaw Worm","floor":1.0,"turns":1.0},{"damage":0.0,"enemies":"Cultist","floor":5.0,"turns":1.0},{"damage":0.0,"enemies":"3 Sentries","floor":6.0,"turns":1.0},{"damage":18.0,"enemies":"Lagavulin Event","floor":10.0,"turns":5.0},{"damage":0.0,"enemies":"2 Louse","floor":12.0,"turns":3.0},{"damage":0.0,"enemies":"Lots of Slimes","floor":13.0,"turns":2.0},{"damage":2.0,"enemies":"Looter","floor":14.0,"turns":3.0},{"damage":29.0,"enemies":"The Guardian","floor":16.0,"turns":12.0},{"damage":1.0,"enemies":"Chosen","floor":18.0,"turns":5.0},{"damage":9.0,"enemies":"2 Thieves","floor":21.0,"turns":3.0},{"damage":6.0,"enemies":"Snecko","floor":22.0,"turns":6.0},{"damage":7.0,"enemies":"Book of Stabbing","floor":24.0,"turns":6.0},{"damage":2.0,"enemies":"Chosen and Byrds","floor":28.0,"turns":5.0},{"damage":14.0,"enemies":"Snake Plant","floor":29.0,"turns":7.0},{"damage":0.0,"enemies":"Centurion and Healer","floor":31.0,"turns":7.0},{"damage":2.0,"enemies":"Automaton","floor":33.0,"turns":11.0},{"damage":9.0,"enemies":"Orb Walker","floor":35.0,"turns":6.0},{"damage":6.0,"enemies":"3 Darklings","floor":37.0,"turns":4.0},{"damage":0.0,"enemies":"Sphere and 2 Shapes","floor":39.0,"turns":5.0},{"damage":15.0,"enemies":"Giant Head","floor":40.0,"turns":8.0},{"damage":2.0,"enemies":"4 Shapes","floor":44.0,"turns":4.0},{"damage":5.0,"enemies":"Maw","floor":45.0,"turns":7.0},{"damage":8.0,"enemies":"3 Darklings","floor":48.0,"turns":3.0},{"damage":39,"enemies":"Donu and Deca","floor":50,"turns":11}],"event_choices":[{"event_name":"Transmorgrifier","player_choice":"Transform","floor":3.0,"damage_taken":0.0},{"event_name":"Living Wall","player_choice":"Change","floor":4.0,"damage_taken":0.0},{"event_name":"Scrap Ooze","player_choice":"success","floor":8.0,"damage_taken":7.0},{"event_name":"Dead Adventurer","player_choice":"Searched \u00272\u0027 times","floor":10.0,"damage_taken":0.0},{"event_name":"Golden Shrine","player_choice":"Pray","floor":20.0,"damage_taken":0.0},{"event_name":"Cursed Tome","player_choice":"Obtained Book","floor":25.0,"damage_taken":0.0},{"event_name":"The Lab","player_choice":"Got Potions","floor":36.0,"damage_taken":0.0},{"event_name":"Golden Shrine","player_choice":"Pray","floor":42.0,"damage_taken":0.0}],"boss_relics":[],"potions_floor_spawned":[5,12,13,16,18,21,29,31,33,39,44,45],"seed_played":"-8647633959109952248","ascension_level":0,"is_trial":false}