{"path_per_floor":["M","M","M","M","M","R","E","?","T","?","R","M","?","M","R","B",null,"M","M","$","M","?","E","R","M","T","R","M","R","M","M","R","B",null,"M"],"character_chosen":"IRONCLAD","items_purchased":["Calipers"],"gold_per_floor":[115,125,144,163,175,175,206,206,206,206,206,217,279,294,294,395,395,367,379,4,20,20,52,52,66,92,92,103,103,119,133,133,235,235,245,245],"floor_reached":36,"campfire_rested":2,"playtime":2461,"current_hp_per_floor":[80,80,80,77,75,75,68,52,52,78,78,80,80,80,80,55,80,67,65,65,75,75,29,53,35,35,35,33,57,49,60,60,12,80,60,0],"items_purged":["Strike_R"],"gold":245,"score":390,"play_id":"169f7e78-c9fa-407c-8186-364de10e486e","local_time":"20180403083134","is_prod":false,"is_daily":false,"is_ascension_mode":false,"campfire_upgraded":5,"timestamp":1522737094,"path_taken":["M","M","M","M","M","R","E","?","T","?","R","M","?","M","R","BOSS","M","M","$","M","?","E","R","M","T","R","M","R","M","M","R","BOSS","M","?"],"build_version":"2018-03-29","purchased_purges":1,"victory":false,"master_deck":["Strike_R","Strike_R","Strike_R","Defend_R","Defend_R","Defend_R","Defend_R","Bash+1","Uppercut+1","Cleave+1","Cleave+1","Rampage+1","True Grit+1","Reaper","Pommel Strike+1","Offering+1","Demon Form","Shrug It Off"],"max_hp_per_floor":[80,80,80,80,80,80,80,80,80,80,80,80,80,80,80,80,80,80,80,80,80,80,80,80,80,80,80,80,80,80,80,80,80,80,80,80],"relics":["Black Blood","Ginger","Sundial","Bag of Preparation","Calipers","Question Card","Happy Flower","Sozu"],"card_choices":[{"not_picked":["Second Wind","Dropkick"],"picked":"Uppercut","floor":1},{"not_picked":["Reckless Charge","Second Wind"],"picked":"Cleave","floor":2},{"not_picked":["Dual Wield","Thunderclap"],"picked":"Cleave","floor":4},{"not_picked":["Clothesline","Juggernaut"],"picked":"Rampage","floor":12},{"not_picked":["Entrench","Clash"],"picked":"True Grit","floor":14},{"not_picked":["Corruption","Bloodletting"],"picked":"Reaper","floor":23},{"not_picked":["Metallicize","Cleave","Second Wind"],"picked":"Pommel Strike","floor":25},{"not_picked":["Armaments","Anger","Dual Wield"],"picked":"Offering","floor":31},{"not_picked":["Barricade","Berserk","Exhume"],"picked":"Demon Form","floor":33},{"not_picked":["Thunderclap","Havoc","Headbutt"],"picked":"Shrug It Off","floor":35}],"player_experience":20984,"potions_floor_usage":[7,16,21,23,23,31,33,35],"damage_taken":[{"damage":4,"enemies":"Small Slimes","floor":1,"turns":4},{"damage":1,"enemies":"2 Louse","floor":2,"turns":3},{"damage":6,"enemies":"Jaw Worm","floor":3,"turns":3},{"damage":9,"enemies":"Looter","floor":4,"turns":5},{"damage":8,"enemies":"Blue Slaver","floor":5,"turns":5},{"damage":13,"enemies":"Gremlin Nob","floor":7,"turns":4},{"damage":0,"enemies":"2 Fungi Beasts","floor":12,"turns":2},{"damage":4,"enemies":"Gremlin Nob","floor":13,"turns":3},{"damage":0,"enemies":"3 Louse","floor":14,"turns":1},{"damage":31,"enemies":"The Guardian","floor":16,"turns":11},{"damage":23,"enemies":"2 Thieves","floor":18,"turns":5},{"damage":12,"enemies":"Shell Parasite","floor":19,"turns":7},{"damage":0,"enemies":"Chosen and Byrds","floor":21,"turns":6},{"damage":56,"enemies":"Slavers","floor":23,"turns":7},{"damage":38,"enemies":"Centurion and Healer","floor":25,"turns":8},{"damage":18,"enemies":"Snecko","floor":28,"turns":5},{"damage":18,"enemies":"Cultist and Chosen","floor":30,"turns":5},{"damage":7,"enemies":"3 Cultists","floor":31,"turns":4},{"damage":64,"enemies":"Champ","floor":33,"turns":12},{"damage":34,"enemies":"3 Darklings","floor":35,"turns":4},{"damage":81,"enemies":"Mysterious Sphere","floor":36,"turns":9}],"event_choices":[{"event_name":"Shining Light","player_choice":"Entered Light","floor":8,"damage_taken":0},{"event_name":"Big Fish","player_choice":"Banana","floor":10,"damage_taken":0},{"event_name":"Dead Adventurer","player_choice":"Searched \u00271\u0027 times","floor":13,"damage_taken":0},{"event_name":"N\u0027loth","player_choice":"Ignored","floor":22,"damage_taken":0},{"event_name":"Mysterious Sphere","player_choice":"Fight","floor":36,"damage_taken":0}],"boss_relics":[{"not_picked":["Runic Cube","Orrery"],"picked":"Black Blood"},{"not_picked":["Cursed Key","Lizard Tail"],"picked":"Sozu"}],"potions_floor_spawned":[1,3,5,7,13,14,18,19,25,30,33],"seed_played":"8532258293152128387","killed_by":"Mysterious Sphere","ascension_level":0,"is_trial":false}