{"path_per_floor":["M","$","M","M","M","E","R","E","T","R","E","?","R","M","R","B",null,"M","?","$","?","M","E","R","M","T","$","$","E","R","M","R","B",null,"M","?","?","M","M","R","E","$","T","R","M","?","$","M","R","B"],"character_chosen":"IRONCLAD","items_purchased":["Uppercut","Ice Cream","Jack Of All Trades","Reaper"],"gold_per_floor":[113,35,54,71,90,122,122,147,173,173,202,202,202,219,219,314,314,326,326,34,34,47,72,72,84,108,12,12,47,47,61,61,164,164,182,182,182,199,217,217,246,60,60,60,75,0,0,12,12,12],"floor_reached":51,"campfire_rested":5,"playtime":2054,"current_hp_per_floor":[80,80,73,73,73,53,53,53,53,53,53,53,77,77,77,50,73,73,73,73,73,73,67,67,65,65,65,65,45,45,42,66,13,63,51,51,71,69,27,51,34,34,34,60,49,49,49,55,81,22],"items_purged":["Writhe"],"gold":12,"score":998,"play_id":"77a28c3f-1cac-49fd-94bd-21f441e3f533","local_time":"20180414204644","is_prod":false,"is_daily":false,"is_ascension_mode":true,"campfire_upgraded":5,"timestamp":1523731604,"path_taken":["M","$","?","M","M","E","R","E","T","R","E","?","R","M","R","BOSS","M","?","$","?","M","E","R","M","T","?","$","E","R","M","R","BOSS","M","?","?","M","M","R","E","$","T","R","M","?","?","M","R","BOSS"],"build_version":"2018-04-04","purchased_purges":2,"victory":true,"master_deck":["Strike_R+1","Strike_R+1","Strike_R+1","Strike_R+1","Strike_R+1","Defend_R+1","Defend_R+1","Defend_R+1","Bash","Uppercut+1","Pommel Strike+1","Heavy Blade+1","Perfected Strike","Shockwave+1","Infernal Blade","Shrug It Off","Heavy Blade","Brutality+1","Rupture","Sever Soul","Evolve+1","True Grit+1","Jack Of All Trades","Clothesline","Cleave","Dual Wield+1","Demon Form","True Grit+1","Ghostly Armor+1","Shrug It Off+1","Offering","Reaper","Iron Wave+1"],"max_hp_per_floor":[80,80,80,80,80,80,80,80,80,80,80,80,80,80,80,80,80,80,80,80,80,80,80,80,80,80,80,80,80,80,80,80,80,80,80,80,80,80,80,80,87,87,87,87,87,87,87,87,87,87],"relics":["Snecko Eye","Bag of Marbles","Lantern","Dream Catcher","Meat on the Bone","Runic Dome","Ice Cream","Bottled Flame","Juzu Bracelet","Smiling Mask","Mark of Pain","Strawberry","Toxic Egg 2","Red Mask"],"card_choices":[{"not_picked":["Power Through","Warcry"],"picked":"Pommel Strike","floor":3},{"not_picked":["Clash","Body Slam"],"picked":"Heavy Blade","floor":5},{"not_picked":["Warcry","Wild Strike"],"picked":"Perfected Strike","floor":6},{"not_picked":["Double Tap","Wild Strike"],"picked":"Shockwave","floor":8},{"not_picked":["Feel No Pain","Sword Boomerang"],"picked":"Infernal Blade","floor":11},{"not_picked":["Metallicize","Pommel Strike"],"picked":"Shrug It Off","floor":13},{"not_picked":["Anger","Inflame"],"picked":"Heavy Blade","floor":14},{"not_picked":["Exhume","Impervious"],"picked":"Brutality","floor":16},{"not_picked":["Wild Strike","Body Slam"],"picked":"Rupture","floor":18},{"not_picked":["Clothesline","Flex"],"picked":"Evolve","floor":23},{"not_picked":["Pummel","Heavy Blade"],"picked":"True Grit","floor":25},{"not_picked":["Havoc","Wild Strike"],"picked":"Clothesline","floor":29},{"not_picked":["Power Through","Pommel Strike"],"picked":"Cleave","floor":31},{"not_picked":["Twin Strike","Cleave"],"picked":"Dual Wield","floor":32},{"not_picked":["Juggernaut","Immolate"],"picked":"Demon Form","floor":33},{"not_picked":["Warcry","Wild Strike"],"picked":"True Grit","floor":35},{"not_picked":["Thunderclap","Body Slam"],"picked":"Ghostly Armor","floor":38},{"not_picked":["Wild Strike","Flex"],"picked":"Shrug It Off","floor":40},{"not_picked":["Heavy Blade","Clothesline"],"picked":"Offering","floor":41},{"not_picked":["Armaments","Anger"],"picked":"Iron Wave","floor":45}],"player_experience":92912,"potions_floor_usage":[14,23,33,33,41,50,50,50],"damage_taken":[{"damage":0,"enemies":"Cultist","floor":1,"turns":3},{"damage":7,"enemies":"2 Louse","floor":3,"turns":3},{"damage":0,"enemies":"Small Slimes","floor":4,"turns":2},{"damage":0,"enemies":"3 Louse","floor":5,"turns":2},{"damage":20,"enemies":"Lagavulin","floor":6,"turns":4},{"damage":0,"enemies":"Gremlin Nob","floor":8,"turns":2},{"damage":0,"enemies":"Lagavulin","floor":11,"turns":3},{"damage":0,"enemies":"Blue Slaver","floor":14,"turns":2},{"damage":27,"enemies":"The Guardian","floor":16,"turns":9},{"damage":0,"enemies":"Chosen","floor":18,"turns":2},{"damage":0,"enemies":"2 Thieves","floor":22,"turns":2},{"damage":6,"enemies":"Slavers","floor":23,"turns":3},{"damage":2,"enemies":"Sentry and Sphere","floor":25,"turns":3},{"damage":20,"enemies":"Book of Stabbing","floor":29,"turns":4},{"damage":3,"enemies":"3 Cultists","floor":31,"turns":4},{"damage":65,"enemies":"Collector","floor":33,"turns":7},{"damage":12,"enemies":"3 Darklings","floor":35,"turns":3},{"damage":2,"enemies":"Orb Walker","floor":38,"turns":3},{"damage":54,"enemies":"4 Shapes","floor":39,"turns":4},{"damage":36,"enemies":"2 Orb Walkers","floor":41,"turns":4},{"damage":31,"enemies":"Flame Bruiser 2 Orb","floor":45,"turns":5},{"damage":12,"enemies":"3 Darklings","floor":48,"turns":3},{"damage":79,"enemies":"Donu and Deca","floor":50,"turns":7}],"event_choices":[{"event_name":"The Woman in Blue","player_choice":"Bought 0 Potions","floor":12,"damage_taken":0},{"event_name":"The Library","player_choice":"Read","floor":19,"damage_taken":0},{"event_name":"Back to Basics","player_choice":"Simplicity","floor":21,"damage_taken":0},{"event_name":"Winding Halls","player_choice":"Writhe","floor":37,"damage_taken":0},{"event_name":"Tomb of Lord Red Mask","player_choice":"Paid","floor":46,"damage_taken":0}],"boss_relics":[{"not_picked":["Velvet Choker","Tiny House"],"picked":"Runic Dome"},{"not_picked":["Orrery","Runic Cube"],"picked":"Mark of Pain"}],"potions_floor_spawned":[1,4,8,11,22,29,31,33,39,45],"seed_played":"7560925685861431655","ascension_level":5,"is_trial":false}