{"path_per_floor":["M","M","$","M","?","E","R","?","T","R","?","R","M","M","R","B",null,"M","?","?","M","M","E","R","E","T","R","E","?","M","E","R","B",null,"M","?","M","$","?","R","?","R","T","M","$","M","R","M","R","B"],"character_chosen":"IRONCLAD","items_purchased":["Singing Bowl","Apotheosis","Dexterity Potion"],"gold_per_floor":[216,231,3,17,17,46,46,46,98,98,78,78,92,110,110,211,211,225,225,150,166,178,212,212,242,298,298,328,328,340,367,367,465,465,478,478,493,393,493,493,493,493,493,506,145,156,156,172,172,172],"floor_reached":51,"campfire_rested":0,"playtime":1663,"current_hp_per_floor":[80,80,80,82,82,61,61,58,65,65,65,65,73,81,81,56,95,96,96,96,91,94,96,96,97,97,97,40,40,48,55,55,54,109,111,111,106,106,106,106,106,106,106,113,113,113,113,110,110,103],"items_purged":["Strike_R","Strike_R","Strike_R"],"gold":172,"score":933,"play_id":"e75a7263-e526-4372-aea4-d9f5049b0626","local_time":"20180407221806","is_prod":false,"is_daily":false,"is_ascension_mode":true,"campfire_upgraded":11,"timestamp":1523132286,"path_taken":["M","?","$","M","?","E","R","?","T","R","?","R","M","M","R","BOSS","M","?","?","M","?","E","R","E","T","R","E","?","M","E","R","BOSS","M","?","M","$","?","R","?","R","T","?","$","M","R","M","R","BOSS"],"build_version":"2018-04-04","purchased_purges":3,"victory":true,"master_deck":["Strike_R","Defend_R","Defend_R","Defend_R","Defend_R","Bash","Searing Blow+13","Double Tap+1","Shrug It Off+1","Armaments+1","Headbutt+1","Apotheosis+1","Warcry+1"],"max_hp_per_floor":[80,80,80,82,82,84,84,84,91,91,91,91,93,95,95,95,95,97,97,97,97,97,99,99,101,101,101,103,103,105,107,107,109,109,111,111,111,111,111,111,111,111,111,113,113,113,113,115,115,115],"relics":["Burning Blood","Singing Bowl","Toxic Egg 2","Self Forming Clay","Strawberry","Velvet Choker","Mummified Hand","Bottled Flame","Tiny Chest","Centennial Puzzle","Kunai","White Beast Statue","Unceasing Top"],"card_choices":[{"not_picked":["Heavy Blade","Dark Embrace"],"picked":"Searing Blow","floor":1.0},{"not_picked":["Barricade","Exhume"],"picked":"Double Tap","floor":16.0},{"not_picked":["Carnage","Thunderclap"],"picked":"Shrug It Off","floor":21.0},{"not_picked":["Warcry","Havoc"],"picked":"Armaments","floor":22.0},{"not_picked":["Thunderclap","Clothesline"],"picked":"Headbutt","floor":37},{"not_picked":["Blood for Blood","Uppercut"],"picked":"Warcry","floor":46}],"player_experience":68787,"potions_floor_usage":[50,50],"damage_taken":[{"damage":1.0,"enemies":"Cultist","floor":1.0,"turns":3.0},{"damage":3.0,"enemies":"Small Slimes","floor":2.0,"turns":3.0},{"damage":6.0,"enemies":"2 Louse","floor":4.0,"turns":4.0},{"damage":29.0,"enemies":"Gremlin Nob","floor":6.0,"turns":5.0},{"damage":0.0,"enemies":"Large Slime","floor":13.0,"turns":2.0},{"damage":0.0,"enemies":"2 Fungi Beasts","floor":14.0,"turns":2.0},{"damage":31.0,"enemies":"Slime Boss","floor":16.0,"turns":10.0},{"damage":7.0,"enemies":"Shell Parasite","floor":18.0,"turns":5.0},{"damage":11.0,"enemies":"Chosen","floor":21.0,"turns":3.0},{"damage":3.0,"enemies":"Sentry and Sphere","floor":22.0,"turns":4.0},{"damage":6.0,"enemies":"Slavers","floor":23.0,"turns":7.0},{"damage":7.0,"enemies":"Book of Stabbing","floor":25.0,"turns":3.0},{"damage":65.0,"enemies":"Gremlin Leader","floor":28.0,"turns":5.0},{"damage":0.0,"enemies":"Cultist and Chosen","floor":30.0,"turns":3.0},{"damage":1.0,"enemies":"Book of Stabbing","floor":31.0,"turns":3.0},{"damage":9.0,"enemies":"Champ","floor":33.0,"turns":3.0},{"damage":0,"enemies":"Orb Walker","floor":35,"turns":1},{"damage":11,"enemies":"3 Shapes","floor":37,"turns":5},{"damage":0,"enemies":"Flame Bruiser 2 Orb","floor":44,"turns":1},{"damage":3,"enemies":"4 Shapes","floor":46,"turns":4},{"damage":11,"enemies":"Sphere and 2 Shapes","floor":48,"turns":3},{"damage":13,"enemies":"Awakened One","floor":50,"turns":7}],"event_choices":[{"event_name":"Living Wall","player_choice":"Grow","floor":5.0,"damage_taken":0.0},{"event_name":"Scrap Ooze","player_choice":"success","floor":8.0,"damage_taken":3.0},{"event_name":"The Woman in Blue","player_choice":"Bought 1 Potion","floor":11.0,"damage_taken":0.0},{"event_name":"The Mausoleum","player_choice":"No","floor":19.0,"damage_taken":0.0},{"event_name":"Beggar","player_choice":"Gave Gold","floor":20.0,"damage_taken":0.0},{"event_name":"Drug Dealer","player_choice":"Ignored","floor":29.0,"damage_taken":0.0},{"event_name":"Tomb of Lord Red Mask","player_choice":"Ignored","floor":36,"damage_taken":0},{"event_name":"Golden Shrine","player_choice":"Pray","floor":39,"damage_taken":0},{"event_name":"Accursed Blacksmith","player_choice":"Forge","floor":41,"damage_taken":0}],"boss_relics":[{"not_picked":["Pandora\u0027s Box","Sozu"],"picked":"White Beast Statue"}],"potions_floor_spawned":[2,14,18,23,25,30,35,37,44,46,48],"seed_played":"-7597367260733643905","ascension_level":1,"is_trial":false}