{"path_per_floor":["M","M","M","?","M","R","?","R","T","?","R","$","E","M","R","B",null,"M","M","M","M","?"],"character_chosen":"IRONCLAD","items_purchased":["Inflame"],"gold_per_floor":[116,132,145,115,134,134,134,134,161,161,161,6,42,65,65,184,184,207,226,241,265,265,265],"floor_reached":23,"campfire_rested":0,"playtime":1262,"current_hp_per_floor":[80,80,80,80,69,69,49,49,49,75,75,75,71,72,72,67,80,57,33,25,20,20,0],"items_purged":["Strike_R"],"gold":265,"score":193,"play_id":"d25311f7-110d-4e85-9bef-10880a983d6f","local_time":"20180402224703","is_prod":false,"is_daily":false,"is_ascension_mode":false,"campfire_upgraded":4,"timestamp":1522702023,"path_taken":["M","M","?","?","M","R","?","R","T","?","R","?","E","M","R","BOSS","M","M","M","?","?","E"],"build_version":"2018-03-29","purchased_purges":1,"victory":false,"master_deck":["Strike_R","Strike_R","Defend_R","Defend_R","Defend_R","Defend_R","Bash+1","Dark Embrace","Pummel+1","Uppercut+1","Inflame+1","Pommel Strike","Pommel Strike","Battle Trance","Whirlwind+1"],"max_hp_per_floor":[80,80,80,80,80,80,80,80,80,80,80,80,80,80,80,80,80,80,80,80,80,80,80],"relics":["Burning Blood","Golden Idol","Bag of Preparation","Dream Catcher","Orrery"],"card_choices":[{"not_picked":["Rupture","Evolve"],"picked":"Pummel","floor":2.0},{"not_picked":["Twin Strike","Inflame"],"picked":"Uppercut","floor":3.0},{"not_picked":["Headbutt","Clothesline"],"picked":"Pommel Strike","floor":13.0},{"not_picked":["Clash","Cleave"],"picked":"Pommel Strike","floor":14.0},{"not_picked":["Second Wind","Bloodletting"],"picked":"Battle Trance","floor":17.0},{"not_picked":["Iron Wave","Warcry"],"picked":"Whirlwind","floor":21}],"player_experience":15989,"potions_floor_usage":[20,21,23],"damage_taken":[{"damage":1.0,"enemies":"Cultist","floor":1.0,"turns":4.0},{"damage":0.0,"enemies":"Small Slimes","floor":2.0,"turns":3.0},{"damage":6.0,"enemies":"Jaw Worm","floor":3.0,"turns":4.0},{"damage":17.0,"enemies":"Red Slaver","floor":5.0,"turns":6.0},{"damage":10.0,"enemies":"Gremlin Nob","floor":13.0,"turns":3.0},{"damage":5.0,"enemies":"2 Fungi Beasts","floor":14.0,"turns":3.0},{"damage":11.0,"enemies":"Slime Boss","floor":16.0,"turns":7.0},{"damage":29.0,"enemies":"2 Thieves","floor":18.0,"turns":4.0},{"damage":30,"enemies":"Snake Plant","floor":19,"turns":6},{"damage":14,"enemies":"Centurion and Healer","floor":20,"turns":5},{"damage":11,"enemies":"Snecko","floor":21,"turns":3},{"damage":26,"enemies":"Gremlin Leader","floor":23,"turns":2}],"event_choices":[{"event_name":"World of Goop","player_choice":"Left","floor":4.0,"damage_taken":0.0},{"event_name":"Golden Idol","player_choice":"Take Damage","floor":7.0,"damage_taken":0.0},{"event_name":"Big Fish","player_choice":"Banana","floor":10.0,"damage_taken":0.0},{"event_name":"Back to Basics","player_choice":"Elegance","floor":22,"damage_taken":0}],"boss_relics":[],"potions_floor_spawned":[1,2,5,14,16,19,21],"seed_played":"-989537961049906631","killed_by":"Gremlin Leader","ascension_level":0,"is_trial":false}