{"path_per_floor":["M","M","?","M","$","R","E","R","T","M","E","R","E","M","R","B",null,"M","?","$","M","M","E","R","$","T","E","M","E","M","T","R","B",null,"M","?","M","M","?","E","R","M","T","E","R","M","E","?","R","B"],"character_chosen":"IRONCLAD","items_purchased":["Jack Of All Trades","Headbutt","Apotheosis","Shrug It Off","Rampage"],"gold_per_floor":[114,134,209,229,71,71,101,101,101,121,151,151,182,199,199,303,303,316,316,23,36,51,81,81,81,132,159,170,196,210,210,210,310,310,322,322,334,349,349,383,383,399,399,430,430,440,472,472,472,472],"floor_reached":51,"campfire_rested":2,"playtime":3292,"current_hp_per_floor":[70,73,62,61,61,61,27,51,51,54,56,56,66,60,60,83,83,77,77,77,83,83,37,61,61,61,71,82,66,77,77,77,87,87,87,87,87,89,89,89,89,89,91,91,91,91,91,91,91,91],"items_purged":[],"gold":472,"score":1189,"play_id":"13256880-430c-49fe-8745-3b30b4dadad3","local_time":"20180409173224","is_prod":false,"is_daily":false,"is_ascension_mode":true,"campfire_upgraded":5,"timestamp":1523287944,"path_taken":["M","M","?","M","$","R","E","R","T","M","E","R","E","M","R","BOSS","M","?","?","M","M","E","R","?","T","E","?","E","M","?","R","BOSS","M","?","M","M","?","E","R","M","T","E","R","M","E","?","R","BOSS"],"build_version":"2018-04-04","purchased_purges":1,"victory":true,"master_deck":["Strike_R+1","Strike_R+1","Strike_R+1","Strike_R+1","Defend_R+1","Defend_R+1","Defend_R+1","Defend_R+1","Bash+1","Feel No Pain","Feel No Pain+1","Jack Of All Trades","Headbutt","Corruption+1","Pommel Strike","Dual Wield+1","Sentinel","Flex","Barricade+1","Armaments","Apotheosis+1","Shrug It Off","Rampage","Dual Wield+1","Second Wind","Juggernaut+1","True Grit","Body Slam+1","Impervious","Regret","Injury","Writhe","Shockwave+1","Shrug It Off","Body Slam+1","Shockwave+1","Infernal Blade+1","Flame Barrier","Shrug It Off"],"max_hp_per_floor":[80,80,80,80,80,80,80,80,80,80,80,80,80,80,80,83,83,83,83,83,83,83,83,83,83,83,83,83,85,87,87,87,87,87,87,87,87,89,89,89,89,89,91,91,91,91,91,91,91,91],"relics":["Burning Blood","Bottled Tornado","Dead Branch","Bird Faced Urn","Question Card","Lizard Tail","Singing Bowl","War Paint","Prayer Wheel","Shuriken","Calipers","Calling Bell","Regal Pillow","Anchor","Vajra","Charon\u0027s Ashes","Blue Candle","Shovel","Peace Pipe","Bag of Marbles","Self Forming Clay"],"card_choices":[{"not_picked":["Sever Soul","Rupture"],"picked":"Feel No Pain","floor":2.0},{"not_picked":["Wild Strike","Blood for Blood"],"picked":"Feel No Pain","floor":4.0},{"not_picked":["Anger","Infernal Blade"],"picked":"Corruption","floor":7.0},{"not_picked":["Twin Strike","Pummel"],"picked":"Pommel Strike","floor":10.0},{"not_picked":["Clash","Pommel Strike"],"picked":"Dual Wield","floor":11.0},{"not_picked":["Berserk","Carnage"],"picked":"Sentinel","floor":13.0},{"not_picked":["Clothesline","Anger","Fire Breathing"],"picked":"Flex","floor":14.0},{"not_picked":["Exhume","Feed","Juggernaut"],"picked":"Barricade","floor":16.0},{"not_picked":["Feel No Pain","Rupture","Warcry"],"picked":"Armaments","floor":18.0},{"not_picked":["Cleave","Entrench","Havoc"],"picked":"Dual Wield","floor":21.0},{"not_picked":["Reckless Charge","Blood for Blood","Feel No Pain"],"picked":"Second Wind","floor":23.0},{"not_picked":["Sword Boomerang","Rampage","Bloodletting"],"picked":"Juggernaut","floor":27.0},{"not_picked":["Flex","Headbutt","Battle Trance"],"picked":"True Grit","floor":28.0},{"not_picked":["Clothesline","Warcry","Shockwave"],"picked":"Body Slam","floor":31.0},{"not_picked":["Reaper","Berserk","Bludgeon"],"picked":"Impervious","floor":33.0},{"not_picked":["Entrench","Dropkick","Headbutt"],"picked":"Shockwave","floor":35.0},{"not_picked":["Headbutt","Ghostly Armor","True Grit"],"picked":"Shrug It Off","floor":37.0},{"not_picked":["Reaper","Clothesline","Anger"],"picked":"Body Slam","floor":40.0},{"not_picked":["Blood for Blood","Hemokinesis","Battle Trance"],"picked":"Shockwave","floor":42.0},{"not_picked":["Thunderclap","Warcry","Metallicize"],"picked":"Infernal Blade","floor":44.0},{"not_picked":["Carnage","Fire Breathing","Thunderclap"],"picked":"Flame Barrier","floor":46.0},{"not_picked":["Thunderclap","Intimidate","Feed"],"picked":"Shrug It Off","floor":47.0}],"player_experience":78334,"potions_floor_usage":[50,50,50],"damage_taken":[{"damage":16.0,"enemies":"Small Slimes","floor":1.0,"turns":5.0},{"damage":3.0,"enemies":"2 Louse","floor":2.0,"turns":4.0},{"damage":7.0,"enemies":"Jaw Worm","floor":4.0,"turns":3.0},{"damage":40.0,"enemies":"Gremlin Nob","floor":7.0,"turns":5.0},{"damage":7.0,"enemies":"Looter","floor":10.0,"turns":3.0},{"damage":4.0,"enemies":"Lagavulin","floor":11.0,"turns":6.0},{"damage":4.0,"enemies":"Gremlin Nob","floor":13.0,"turns":4.0},{"damage":20.0,"enemies":"2 Fungi Beasts","floor":14.0,"turns":4.0},{"damage":0.0,"enemies":"Slime Boss","floor":16.0,"turns":6.0},{"damage":14.0,"enemies":"2 Thieves","floor":18.0,"turns":5.0},{"damage":0.0,"enemies":"3 Byrds","floor":21.0,"turns":4.0},{"damage":0.0,"enemies":"Snake Plant","floor":22.0,"turns":4.0},{"damage":56.0,"enemies":"Gremlin Leader","floor":23.0,"turns":8.0},{"damage":2.0,"enemies":"Book of Stabbing","floor":27.0,"turns":3.0},{"damage":11.0,"enemies":"Centurion and Healer","floor":28.0,"turns":7.0},{"damage":33.0,"enemies":"Gremlin Leader","floor":29.0,"turns":6.0},{"damage":3.0,"enemies":"Chosen and Byrds","floor":30.0,"turns":4.0},{"damage":0.0,"enemies":"Automaton","floor":33.0,"turns":2.0},{"damage":3.0,"enemies":"3 Shapes","floor":35.0,"turns":2.0},{"damage":6.0,"enemies":"Flame Bruiser 1 Orb","floor":37.0,"turns":6.0},{"damage":0.0,"enemies":"Maw","floor":38.0,"turns":4.0},{"damage":7.0,"enemies":"Giant Head","floor":40.0,"turns":3.0},{"damage":7.0,"enemies":"Sphere and 2 Shapes","floor":42.0,"turns":2.0},{"damage":0.0,"enemies":"2 Orb Walkers","floor":44.0,"turns":3.0},{"damage":0.0,"enemies":"Flame Bruiser 2 Orb","floor":46.0,"turns":2.0},{"damage":4.0,"enemies":"Nemesis","floor":47.0,"turns":5.0},{"damage":1,"enemies":"Awakened One","floor":50,"turns":6}],"event_choices":[{"event_name":"World of Goop","player_choice":"Gather Gold","floor":3.0,"damage_taken":0.0},{"event_name":"Back to Basics","player_choice":"Simplicity","floor":19.0,"damage_taken":0.0},{"event_name":"The Lab","player_choice":"Got Potions","floor":39.0,"damage_taken":0.0},{"event_name":"The Woman in Blue","player_choice":"Bought 0 Potions","floor":48.0,"damage_taken":0.0}],"boss_relics":[],"potions_floor_spawned":[4,10,13,14,21,22,27,28,30,40,44,46],"seed_played":"-672026341217751137","ascension_level":3,"is_trial":false}