{"path_per_floor":["M","M","?","M","M","R","E","$","T","R","E","$","T","M","R","B",null,"M","M","T","?","M","R","?","M","T","M","M","R","E","M","R","B",null,"M","M","$","?","?","R","E","M","T","?","R","$","E","T","R","B"],"character_chosen":"IRONCLAD","items_purchased":["Barricade","Deep Breath","Bottled Tornado","Lantern"],"gold_per_floor":[118,132,132,155,170,170,210,70,123,123,154,79,102,118,118,239,239,252,275,301,301,324,324,324,345,345,358,381,381,416,439,439,570,570,590,613,417,417,417,417,456,469,469,829,829,313,351,351,351,351],"floor_reached":51,"campfire_rested":0,"playtime":1943,"current_hp_per_floor":[77,71,71,73,72,72,76,76,76,76,81,81,81,81,81,76,80,71,70,70,70,60,60,60,58,58,64,70,70,76,72,72,78,80,81,81,81,81,81,81,81,66,66,72,72,72,78,78,78,81],"items_purged":["Strike_R","Strike_R","Strike_R"],"gold":351,"score":1304,"play_id":"4c6267c7-6ba6-4fcc-ac51-067263c0910b","local_time":"20180415112121","is_prod":false,"is_daily":false,"is_ascension_mode":true,"campfire_upgraded":9,"timestamp":1523784081,"path_taken":["M","M","?","?","M","R","E","$","T","R","E","?","?","M","R","BOSS","M","M","?","?","M","R","?","M","T","M","M","R","E","M","R","BOSS","M","M","$","?","?","R","E","M","T","?","R","$","E","?","R","BOSS"],"build_version":"2018-04-04","purchased_purges":3,"victory":true,"master_deck":["Defend_R+1","Defend_R+1","Defend_R+1","Defend_R+1","Bash+1","Shrug It Off+1","Body Slam+1","Barricade+1","Body Slam+1","Impervious","Shrug It Off","Battle Trance+1","Entrench+1","Deep Breath+1","Good Instincts+1"],"max_hp_per_floor":[80,80,74,74,74,74,81,81,81,81,81,81,81,81,81,81,81,81,81,81,81,81,81,81,81,81,81,81,81,81,81,81,81,81,81,81,81,81,81,81,81,81,81,81,81,81,81,81,81,81],"relics":["Burning Blood","Happy Flower","Golden Idol","Strawberry","Tiny Chest","Bottled Flame","Art of War","Runic Dome","Omamori","Kunai","Juzu Bracelet","Lizard Tail","Anchor","Unceasing Top","Old Coin","Bottled Tornado","Lantern","Charon\u0027s Ashes","Ancient Tea Set"],"card_choices":[{"not_picked":["Power Through","Fire Breathing"],"picked":"Shrug It Off","floor":4},{"not_picked":["True Grit","Disarm"],"picked":"Body Slam","floor":5},{"not_picked":["Combust","Thunderclap"],"picked":"Body Slam","floor":11},{"not_picked":["Limit Break","Dark Embrace"],"picked":"Impervious","floor":16},{"not_picked":["Carnage","Seeing Red"],"picked":"Shrug It Off","floor":19},{"not_picked":["Bloodletting","Evolve"],"picked":"Battle Trance","floor":27},{"not_picked":["Clothesline","Armaments"],"picked":"Entrench","floor":36},{"not_picked":["Dark Shackles","Swift Strike"],"picked":"Good Instincts","floor":39}],"player_experience":97652,"potions_floor_usage":[5,7,16,16,33,33,50],"damage_taken":[{"damage":1,"enemies":"Cultist","floor":1,"turns":4},{"damage":12,"enemies":"Jaw Worm","floor":2,"turns":4},{"damage":4,"enemies":"Small Slimes","floor":4,"turns":3},{"damage":7,"enemies":"3 Louse","floor":5,"turns":3},{"damage":9,"enemies":"3 Sentries","floor":7,"turns":8},{"damage":0,"enemies":"Lagavulin","floor":11,"turns":7},{"damage":0,"enemies":"Large Slime","floor":14,"turns":6},{"damage":11,"enemies":"The Guardian","floor":16,"turns":8},{"damage":15,"enemies":"Chosen","floor":18,"turns":4},{"damage":7,"enemies":"Shell Parasite","floor":19,"turns":4},{"damage":16,"enemies":"3 Cultists","floor":22,"turns":6},{"damage":8,"enemies":"Snake Plant","floor":25,"turns":3},{"damage":0,"enemies":"Cultist and Chosen","floor":27,"turns":5},{"damage":0,"enemies":"Sentry and Sphere","floor":28,"turns":3},{"damage":0,"enemies":"Slavers","floor":30,"turns":4},{"damage":10,"enemies":"Snake Plant","floor":31,"turns":3},{"damage":0,"enemies":"Automaton","floor":33,"turns":7},{"damage":0,"enemies":"3 Shapes","floor":35,"turns":5},{"damage":0,"enemies":"Flame Bruiser 1 Orb","floor":36,"turns":3},{"damage":0,"enemies":"Nemesis","floor":41,"turns":5},{"damage":21,"enemies":"Maw","floor":42,"turns":10},{"damage":0,"enemies":"Mysterious Sphere","floor":44,"turns":3},{"damage":0,"enemies":"2 Orb Walkers","floor":47,"turns":2},{"damage":0,"enemies":"Time Eater","floor":50,"turns":4}],"event_choices":[{"event_name":"Golden Idol","player_choice":"Lose Max HP","floor":3,"damage_taken":0},{"event_name":"Back to Basics","player_choice":"Simplicity","floor":21,"damage_taken":0},{"event_name":"Purifier","player_choice":"One Purge","floor":24,"damage_taken":0},{"event_name":"Purifier","player_choice":"One Purge","floor":38,"damage_taken":0},{"event_name":"SensoryStone","player_choice":"Memory 1","floor":39,"damage_taken":0},{"event_name":"Mysterious Sphere","player_choice":"Fight","floor":44,"damage_taken":0}],"boss_relics":[{"not_picked":["White Beast Statue","Cursed Key"],"picked":"Runic Dome"},{"not_picked":["Snecko Eye","Runic Cube"],"picked":"Lizard Tail"}],"potions_floor_spawned":[1,2,4,14,18,22,27,31,33,41,44,47],"seed_played":"2560823977520719438","ascension_level":7,"is_trial":false}