{"path_per_floor":["M","M","?","M","?","R","M","R","T","E","M","R","M","M","R","B",null,"M","M","?","M","?","R","E","M","T","R","$","M","M","?","R","B",null,"M","?","M","T","?","R","M","R","T","M","R","?","$","M","R","B"],"character_chosen":"THE_SILENT","items_purchased":["Sadistic Nature","Anchor","Unceasing Top","Dexterity Potion"],"gold_per_floor":[114,129,129,146,146,146,159,159,159,191,211,211,229,245,245,349,349,365,380,380,398,398,398,459,473,473,473,35,53,68,68,68,163,163,173,173,191,260,309,309,323,323,348,368,368,368,3,23,23,23],"floor_reached":51,"campfire_rested":4,"playtime":13784,"current_hp_per_floor":[62,62,62,62,48,48,48,69,69,58,55,55,48,48,48,24,70,57,44,44,48,48,69,47,43,43,43,43,43,43,43,70,70,70,62,52,64,64,50,50,45,45,45,18,18,18,18,18,54,54],"items_purged":["Strike_G"],"gold":23,"play_id":"e6f66ba6-e2e6-40bb-af71-5c0ddf679628","is_prod":false,"is_daily":false,"campfire_rituals":0,"campfire_upgraded":1,"is_hardmode":false,"path_taken":["M","?","?","M","?","R","?","R","T","E","M","R","M","M","R","BOSS","M","M","?","M","?","R","E","?","T","R","$","?","M","?","R","BOSS","M","?","M","?","?","R","?","R","T","M","R","?","$","?","R","BOSS"],"build_version":"2018-01-11-PROD2","purchased_purges":2,"victory":true,"master_deck":["Defend_G","Defend_G","Defend_G","Neutralize","Venomology","PiercingWail","Escape Plan","Envenom","Bane","Escape Plan","Flying Knee","Backflip","Die Die Die","Caltrops","Blur","Prepared","Dodge and Roll","PiercingWail","Sadistic Nature","Deflect","Backflip","Adrenaline","After Image","Madness","Footwork","Prepared","Backflip","Outmaneuver"],"max_hp_per_floor":[70,70,70,70,70,70,70,70,70,70,70,70,70,70,70,70,70,70,70,70,70,70,70,70,70,70,70,70,70,70,70,70,70,70,70,70,70,70,70,70,70,70,70,70,70,70,70,70,70,70],"relics":["Ring of the Snake","Peace Pipe","Bronze Scales","Tiny Chest","Regal Pillow","Anchor","Nloth\u0027s Gift","Runic Pyramid","Ninja Scroll","Calipers","Happy Flower","Unceasing Top"],"campfire_meditates":0,"card_choices":[{"not_picked":["Dodge and Roll","Bane"],"picked":"PiercingWail"},{"not_picked":["Masterful Stab","Bane"],"picked":"Escape Plan"},{"not_picked":["Noxious Fumes","Footwork"],"picked":"Bane"},{"not_picked":["Flechettes","Quick Slash"],"picked":"Escape Plan"},{"not_picked":["PiercingWail","Malaise"],"picked":"Flying Knee"},{"not_picked":["Bane","Dodge and Roll"],"picked":"Backflip"},{"not_picked":["Wraith Form","Bullet Time"],"picked":"Die Die Die"},{"not_picked":["Poisoned Stab","Outmaneuver"],"picked":"Caltrops"},{"not_picked":["Acrobatics","Deflect"],"picked":"Blur"},{"not_picked":["Outmaneuver","Riddle With Holes"],"picked":"Prepared"},{"not_picked":["Unload","Deadly Poison"],"picked":"Dodge and Roll"},{"not_picked":["Choke","Masterful Stab"],"picked":"PiercingWail"},{"not_picked":["PiercingWail","Masterful Stab"],"picked":"Deflect"},{"not_picked":["Dagger Spray","Quick Slash"],"picked":"Backflip"},{"not_picked":["Unload","Night Terror"],"picked":"Adrenaline"},{"not_picked":["Heel Hook","Well Laid Plans"],"picked":"After Image"},{"not_picked":["Dagger Spray","Outmaneuver"],"picked":"Footwork"},{"not_picked":["Choke","Tools of the Trade"],"picked":"Prepared"},{"not_picked":["Flying Knee","Acrobatics"],"picked":"Backflip"},{"not_picked":["Catalyst","Backflip"],"picked":"Outmaneuver"}],"player_experience":16491,"potions_floor_usage":[1,7,7,7,13,14,14,16,16,18,18,19,19,21,21,24,24,25,25,30,33,33,37,37,41,41,44,48,48,50,50],"damage_taken":[{"damage":8,"enemies":"Blue Slaver","floor":1,"turns":6},{"damage":0,"enemies":"Small Slimes","floor":2,"turns":4},{"damage":0,"enemies":"2 Louse","floor":4,"turns":3},{"damage":0,"enemies":"Large Slime","floor":7,"turns":7},{"damage":11,"enemies":"Lagavulin","floor":10,"turns":7},{"damage":3,"enemies":"3 Louse","floor":11,"turns":4},{"damage":7,"enemies":"Gremlin Gang","floor":13,"turns":5},{"damage":0,"enemies":"Exordium Thugs","floor":14,"turns":6},{"damage":24,"enemies":"Hexaghost","floor":16,"turns":10},{"damage":13,"enemies":"Shell Parasite","floor":18,"turns":7},{"damage":25,"enemies":"2 Thieves","floor":19,"turns":4},{"damage":11,"enemies":"Chosen and Byrds","floor":21,"turns":9},{"damage":22,"enemies":"Book of Stabbing","floor":24,"turns":5},{"damage":4,"enemies":"Snecko","floor":25,"turns":7},{"damage":0,"enemies":"Centurion and Healer","floor":29,"turns":8},{"damage":0,"enemies":"Slaver and Parasite","floor":30,"turns":7},{"damage":0,"enemies":"Champ","floor":33,"turns":14},{"damage":8,"enemies":"Orb Walker","floor":35,"turns":6},{"damage":0,"enemies":"3 Darklings","floor":37,"turns":4},{"damage":14,"enemies":"Mysterious Sphere","floor":39,"turns":7},{"damage":5,"enemies":"Sphere and 2 Shapes","floor":41,"turns":7},{"damage":27,"enemies":"4 Shapes","floor":44,"turns":9},{"damage":0,"enemies":"Maw","floor":48,"turns":8},{"damage":0,"enemies":"Awakened One","floor":50,"turns":18}],"event_choices":[{"event_name":"Match and Keep!","player_choice":"1 cards matched","floor":3,"damage_taken":0},{"event_name":"Shining Light","player_choice":"Entered Light","floor":5,"damage_taken":0},{"event_name":"Upgrade Shrine","player_choice":"Upgraded","floor":20,"damage_taken":0},{"event_name":"Back to Basics","player_choice":"Elegance","floor":22,"damage_taken":0},{"event_name":"N\u0027loth","player_choice":"Traded a The Specimen","floor":31,"damage_taken":0},{"event_name":"Winding Halls","player_choice":"Embrace Madness","floor":36,"damage_taken":0},{"event_name":"Mysterious Sphere","player_choice":"Fight","floor":39,"damage_taken":0}],"boss_relics":[{"not_picked":["Philosopher\u0027s Stone","Runic Dome"],"picked":"The Specimen"},{"not_picked":["Sozu","Orrery"],"picked":"Runic Pyramid"}],"potions_floor_spawned":[4,7,11,16,18,19,24,29,30,35,39],"seed_played":"6586866731674489607","is_trial":false}