{"path_per_floor":["M","?","?","?","M","E","R","?","T","E","?","R","M","$","R","B",null,"M","M","T","$","?","R","E","R","T","?","?","M","E","?","R","B",null,"M","M","M","?","M","R","?","R","T","E","?","R","M","M","R","B"],"character_chosen":"THE_SILENT","items_purchased":["Snake Skull","Escape Plan"],"gold_per_floor":[117,117,67,67,87,118,118,144,144,177,177,177,189,33,33,135,135,151,161,161,49,49,49,80,80,134,134,134,147,180,180,180,276,276,295,315,328,328,343,343,343,343,343,378,378,378,389,407,407,407],"floor_reached":51,"campfire_rested":3,"playtime":6383,"current_hp_per_floor":[70,70,70,70,70,47,47,30,30,10,33,54,54,54,54,40,70,61,59,59,59,43,70,47,53,53,53,53,46,43,43,51,6,70,62,62,32,32,30,61,61,69,69,39,58,68,68,42,52,39],"items_purged":["Defend_G"],"gold":407,"play_id":"0366c427-52f7-44ec-803a-3a7712c18842","is_prod":false,"is_daily":false,"campfire_rituals":0,"campfire_upgraded":7,"is_hardmode":false,"path_taken":["M","?","?","?","?","E","R","?","T","E","?","R","?","$","R","BOSS","M","?","?","$","?","R","E","R","T","?","?","?","E","?","R","BOSS","M","M","?","?","?","R","?","R","T","E","?","R","M","M","R","BOSS"],"build_version":"2018-01-11-PROD2","purchased_purges":1,"victory":true,"master_deck":["Defend_G","Defend_G","Defend_G","Strike_G","Strike_G","Survivor","Neutralize","Deadly Poison","All Out Attack","Poisoned Stab","Outmaneuver","Deadly Poison","Escape Plan","Tools of the Trade","Malaise","PiercingWail","Escape Plan","Footwork","Poisoned Stab","Well Laid Plans","Burst","PiercingWail","Dash","Backflip","Poisoned Stab","Writhe","Prepared","PiercingWail"],"max_hp_per_floor":[70,70,70,70,70,70,70,70,70,70,70,70,70,70,70,70,70,70,70,70,70,70,70,70,70,70,70,70,70,70,70,70,70,70,70,70,70,70,70,70,70,70,70,77,77,77,77,77,77,77],"relics":["Ring of the Snake","Matryoshka","Odd Mushroom","Oddly Smooth Stone","Tingsha","Shuriken","Snake Skull","Eternal Feather","Dream Catcher","Frozen Eye","Nilry\u0027s Codex","Toxic Egg","Bronze Scales","Molten Egg","Black Star","Pantograph","Bag of Preparation","Strawberry"],"campfire_meditates":0,"card_choices":[{"not_picked":["Outmaneuver","Sucker Punch"],"picked":"Deadly Poison"},{"not_picked":["Flying Knee","Sucker Punch"],"picked":"Poisoned Stab"},{"not_picked":["Skewer","Terror"],"picked":"Outmaneuver"},{"not_picked":["Acrobatics","Dagger Spray"],"picked":"Deadly Poison"},{"not_picked":["Acrobatics","Dagger Throw"],"picked":"Escape Plan"},{"not_picked":["Burst","Night Terror"],"picked":"Tools of the Trade"},{"not_picked":["Distraction","Slice"],"picked":"Malaise"},{"not_picked":["Dash","Blur"],"picked":"PiercingWail"},{"not_picked":["Riddle With Holes","Blur"],"picked":"Poisoned Stab"},{"not_picked":["Outmaneuver","Dagger Spray"],"picked":"Well Laid Plans"},{"not_picked":["After Image","Die Die Die"],"picked":"Burst"},{"not_picked":["Riddle With Holes","Dodge and Roll"],"picked":"PiercingWail"},{"not_picked":["Sucker Punch","Flechettes"],"picked":"Dash"},{"not_picked":["Riddle With Holes","Skewer"],"picked":"Backflip"},{"not_picked":["Endless Agony","PiercingWail"],"picked":"Poisoned Stab"},{"not_picked":["Endless Agony","Finisher"],"picked":"Prepared"},{"not_picked":["Venomology","Eviscerate"],"picked":"PiercingWail"}],"player_experience":2562,"potions_floor_usage":[29,29,30,35,39,39,50],"damage_taken":[{"damage":0,"enemies":"Jaw Worm","floor":1,"turns":4},{"damage":0,"enemies":"Cultist","floor":5,"turns":4},{"damage":23,"enemies":"Lagavulin","floor":6,"turns":8},{"damage":17,"enemies":"The Mushroom Lair","floor":8,"turns":4},{"damage":20,"enemies":"3 Sentries","floor":10,"turns":9},{"damage":0,"enemies":"Small Slimes","floor":13,"turns":3},{"damage":14,"enemies":"Hexaghost","floor":16,"turns":8},{"damage":9,"enemies":"Spheric Guardian","floor":18,"turns":5},{"damage":2,"enemies":"Shell Parasite","floor":19,"turns":5},{"damage":23,"enemies":"Gremlin Leader","floor":24,"turns":7},{"damage":7,"enemies":"Centurion and Healer","floor":29,"turns":7},{"damage":3,"enemies":"Slavers","floor":30,"turns":5},{"damage":45,"enemies":"Automaton","floor":33,"turns":16},{"damage":8,"enemies":"3 Shapes","floor":35,"turns":7},{"damage":0,"enemies":"3 Darklings","floor":36,"turns":7},{"damage":30,"enemies":"Sphere and 2 Shapes","floor":37,"turns":7},{"damage":17,"enemies":"Maw","floor":39,"turns":9},{"damage":37,"enemies":"2 Orb Walkers","floor":44,"turns":8},{"damage":0,"enemies":"3 Darklings","floor":47,"turns":6},{"damage":26,"enemies":"4 Shapes","floor":48,"turns":6},{"damage":38,"enemies":"Awakened One","floor":50,"turns":19}],"event_choices":[{"event_name":"Transmorgrifier","player_choice":"Transform","floor":2,"damage_taken":0},{"event_name":"The Cleric","player_choice":"Card Removal","floor":3,"damage_taken":0},{"event_name":"Purifier","player_choice":"One Purge","floor":4,"damage_taken":0},{"event_name":"Mushrooms","player_choice":"Fought Mushrooms","floor":8,"damage_taken":0},{"event_name":"Big Fish","player_choice":"Banana","floor":11,"damage_taken":0},{"event_name":"Cursed Tome","player_choice":"Obtained Book","floor":22,"damage_taken":0},{"event_name":"The Library","player_choice":"Read","floor":27,"damage_taken":0},{"event_name":"Vampires","player_choice":"Ignored","floor":28,"damage_taken":0},{"event_name":"Back to Basics","player_choice":"Simplicity","floor":31,"damage_taken":0},{"event_name":"Tomb of Lord Red Mask","player_choice":"Ignored","floor":38,"damage_taken":0},{"event_name":"Winding Halls","player_choice":"Writhe","floor":45,"damage_taken":0}],"boss_relics":[{"not_picked":["Velvet Choker","Lizard Tail"],"picked":"Eternal Feather"},{"not_picked":["Calling Bell","Runic Pyramid"],"picked":"Black Star"}],"potions_floor_spawned":[10,13,19,29,30,35,47,48],"seed_played":"-4497790201852985318","is_trial":false}