{"path_per_floor":["M","$","M","M","M","R","E","R","T","M","R","M","E","?","R","B",null,"M","?","?","M","M","R","M","R","T","R","M","R","T","M","R"],"character_chosen":"THE_SILENT","items_purchased":[],"gold_per_floor":[114,39,55,68,81,81,114,114,114,132,132,144,178,178,178,275,275,288,213,128,146,160,160,180,180,180,180,192,192,192,204,204],"floor_reached":33,"campfire_rested":1,"playtime":2868,"current_hp_per_floor":[63,63,63,63,61,61,39,39,39,38,38,38,26,26,44,5,63,58,58,58,58,54,54,53,53,53,53,48,48,48,48,48],"items_purged":["Strike_G"],"gold":204,"play_id":"b563bc1d-8724-42ec-bca0-c26afe818b52","is_prod":false,"is_daily":false,"campfire_rituals":0,"campfire_upgraded":5,"is_hardmode":false,"path_taken":["M","$","M","M","M","R","E","R","T","M","R","M","E","?","R","BOSS","M","?","?","M","M","R","?","R","T","R","M","R","?","M","R","BOSS"],"build_version":"2018-01-18-PROD4","purchased_purges":1,"victory":false,"master_deck":["Defend_G","Defend_G","Defend_G","Defend_G","Strike_G","Strike_G","Survivor","Neutralize","Escape Plan","Dagger Spray","Flying Knee","Acrobatics","Dagger Throw","Tactician","Eviscerate","Adrenaline","Dagger Throw","Underhanded Strike","Deflect","Acrobatics","Writhe","Backflip","Parasite"],"max_hp_per_floor":[63,63,63,63,63,63,63,63,63,63,63,63,63,63,63,63,63,63,63,63,63,63,63,63,63,63,63,63,63,63,63,63],"relics":["Ring of the Snake","Matryoshka","Dodecahedron","Tingsha","Prayer Wheel","Cursed Key","Dream Catcher","Lantern","Girya","Unceasing Top"],"campfire_meditates":0,"card_choices":[{"not_picked":["PiercingWail","Deadly Poison"],"picked":"Escape Plan"},{"not_picked":["Setup","Acrobatics"],"picked":"Dagger Spray"},{"not_picked":["Dagger Throw","Phantasmal Killer"],"picked":"Flying Knee"},{"not_picked":["Backstab","Crippling Poison"],"picked":"Acrobatics"},{"not_picked":["Outmaneuver","Sucker Punch"],"picked":"Dagger Throw"},{"not_picked":["Dodge and Roll","Flying Knee"],"picked":"Tactician"},{"not_picked":["Quick Slash","Deflect"],"picked":"Eviscerate"},{"not_picked":["Tools of the Trade","A Thousand Cuts"],"picked":"Adrenaline"},{"not_picked":["Choke","Concentrate"],"picked":"Dagger Throw"},{"not_picked":["Poisoned Stab","Deflect"],"picked":"Underhanded Strike"},{"not_picked":["Setup","Blur"],"picked":"Deflect"},{"not_picked":["Masterful Stab","Cloak And Dagger"],"picked":"Acrobatics"},{"not_picked":["Slice","Sucker Punch"],"picked":"Backflip"}],"player_experience":448304,"potions_floor_usage":[7,16,16,24,33],"damage_taken":[{"damage":0,"enemies":"Jaw Worm","floor":1,"turns":4},{"damage":0,"enemies":"Blue Slaver","floor":3,"turns":8},{"damage":0,"enemies":"Cultist","floor":4,"turns":3},{"damage":2,"enemies":"Large Slime","floor":5,"turns":9},{"damage":22,"enemies":"Gremlin Nob","floor":7,"turns":6},{"damage":1,"enemies":"2 Fungi Beasts","floor":10,"turns":3},{"damage":0,"enemies":"Looter","floor":12,"turns":3},{"damage":12,"enemies":"Lagavulin","floor":13,"turns":6},{"damage":39,"enemies":"Hexaghost","floor":16,"turns":11},{"damage":5,"enemies":"3 Byrds","floor":18,"turns":3},{"damage":0,"enemies":"Shell Parasite","floor":21,"turns":3},{"damage":4,"enemies":"Snake Plant","floor":22,"turns":4},{"damage":1,"enemies":"3 Cultists","floor":24,"turns":3},{"damage":5,"enemies":"Snecko","floor":28,"turns":3},{"damage":0,"enemies":"Snake Plant","floor":31,"turns":2},{"damage":52,"enemies":"Automaton","floor":33,"turns":6}],"event_choices":[{"event_name":"Upgrade Shrine","player_choice":"Upgraded","floor":14,"damage_taken":0},{"event_name":"Beggar","player_choice":"Gave Gold","floor":19,"damage_taken":0},{"event_name":"Addict","player_choice":"Obtained Relic","floor":20,"damage_taken":0}],"boss_relics":[{"not_picked":["Runic Dome","Velvet Choker"],"picked":"Cursed Key"}],"potions_floor_spawned":[5,7,12,13,18,28,31],"seed_played":"4975545084251691921","killed_by":"Automaton","is_trial":false}