{"path_per_floor":["M","M","?","$","?","R","E","R","T","M","R","?","M","M","R","B",null,"M","?","M","M","?","R","?","?","T","M","M","R","?","?","R","B",null,"M","M","?","?","$","R","M","M","T","M","M","$","M","?","R","B"],"character_chosen":"THE_SILENT","items_purchased":["Oddly Smooth Stone","War Paint","Noxious Fumes","Footwork","Swift Potion","Explosive Potion"],"gold_per_floor":[111,124,124,49,49,49,83,83,83,103,103,203,217,187,187,282,282,294,294,264,279,194,194,294,219,219,237,247,247,247,247,247,342,342,352,363,710,710,245,245,258,269,269,286,296,35,48,48,48,48],"floor_reached":51,"campfire_rested":3,"playtime":5235,"current_hp_per_floor":[70,70,70,70,70,70,10,31,31,31,31,31,31,31,52,18,70,70,70,56,56,56,56,56,56,70,70,70,70,70,70,70,70,84,75,75,75,75,75,75,60,60,60,59,59,59,59,64,84,81],"items_purged":["Strike_G","Neutralize","Concentrate"],"gold":48,"play_id":"12eb8872-f12c-4b4c-aa4d-853a86046413","is_prod":false,"is_daily":false,"campfire_rituals":0,"campfire_upgraded":6,"is_hardmode":false,"path_taken":["M","M","?","$","?","R","E","R","T","M","R","?","M","M","R","BOSS","M","?","M","M","?","R","?","?","T","M","?","R","?","?","R","BOSS","M","M","?","?","?","R","?","M","T","M","?","$","M","?","R","BOSS"],"build_version":"2018-01-11-PROD2","purchased_purges":3,"victory":true,"master_deck":["Defend_G","Defend_G","Defend_G","Defend_G","Defend_G","Survivor","Footwork","Caltrops","Noxious Fumes","Adrenaline","Well Laid Plans","Escape Plan","Noxious Fumes","Escape Plan","Tools of the Trade","Sucker Punch","Noxious Fumes","Blur","Footwork"],"max_hp_per_floor":[70,70,70,70,70,70,70,70,70,70,70,70,70,70,70,70,70,70,70,70,70,70,70,70,70,84,84,84,84,84,84,84,84,84,84,84,84,84,84,84,84,84,84,84,84,84,84,84,84,84],"relics":["Ring of the Snake","Art of War","Thread and Needle","Gambling Chip","Lizard Tail","Bronze Scales","Mango","Astrolabe","Old Coin","Oddly Smooth Stone","War Paint","Du-Vu Doll"],"campfire_meditates":0,"card_choices":[{"not_picked":["Riddle With Holes","Flechettes"],"picked":"Footwork"},{"not_picked":["Finisher","Blade Dance"],"picked":"Caltrops"},{"not_picked":["Underhanded Strike","Finisher"],"picked":"Noxious Fumes"},{"not_picked":["Wraith Form","Envenom"],"picked":"Adrenaline"},{"not_picked":["Underhanded Strike","Cloak And Dagger"],"picked":"Well Laid Plans"},{"not_picked":["Outmaneuver","Malaise"],"picked":"Escape Plan"},{"not_picked":["Bouncing Flask","Dodge and Roll"],"picked":"Noxious Fumes"},{"not_picked":["After Image","Envenom"],"picked":"Tools of the Trade"},{"not_picked":["Deadly Poison","Dagger Throw"],"picked":"Blur"}],"player_experience":133088,"potions_floor_usage":[16,37,37,37,50,50],"damage_taken":[{"damage":0,"enemies":"2 Louse","floor":1,"turns":3},{"damage":0,"enemies":"Blue Slaver","floor":2,"turns":5},{"damage":60,"enemies":"Lagavulin","floor":7,"turns":16},{"damage":0,"enemies":"Small Slimes","floor":10,"turns":4},{"damage":0,"enemies":"3 Louse","floor":13,"turns":3},{"damage":0,"enemies":"Looter","floor":14,"turns":4},{"damage":34,"enemies":"Slime Boss","floor":16,"turns":14},{"damage":0,"enemies":"3 Byrds","floor":18,"turns":3},{"damage":14,"enemies":"2 Thieves","floor":20,"turns":5},{"damage":0,"enemies":"Chosen and Byrds","floor":21,"turns":7},{"damage":0,"enemies":"Snecko","floor":27,"turns":7},{"damage":0,"enemies":"Centurion and Healer","floor":28,"turns":10},{"damage":0,"enemies":"Champ","floor":33,"turns":15},{"damage":9,"enemies":"3 Shapes","floor":35,"turns":5},{"damage":0,"enemies":"Orb Walker","floor":36,"turns":6},{"damage":0,"enemies":"Mysterious Sphere","floor":37,"turns":5},{"damage":15,"enemies":"3 Darklings","floor":41,"turns":5},{"damage":0,"enemies":"4 Shapes","floor":42,"turns":4},{"damage":1,"enemies":"Sphere and 2 Shapes","floor":44,"turns":6},{"damage":0,"enemies":"3 Darklings","floor":45,"turns":4},{"damage":0,"enemies":"Maw","floor":47,"turns":8},{"damage":3,"enemies":"Awakened One","floor":50,"turns":18}],"event_choices":[{"event_name":"Match and Keep!","player_choice":"1 cards matched","floor":3,"damage_taken":0},{"event_name":"Liars Game","player_choice":"disagreed","floor":5,"damage_taken":0},{"event_name":"Wheel of Change","player_choice":"Gold","floor":12,"damage_taken":0},{"event_name":"Back to Basics","player_choice":"Simplicity","floor":19,"damage_taken":0},{"event_name":"Addict","player_choice":"Obtained Relic","floor":22,"damage_taken":0},{"event_name":"Golden Shrine","player_choice":"Pray","floor":24,"damage_taken":0},{"event_name":"Beggar","player_choice":"Gave Gold","floor":25,"damage_taken":0},{"event_name":"Drug Dealer","player_choice":"Ignored","floor":30,"damage_taken":0},{"event_name":"The Library","player_choice":"Read","floor":31,"damage_taken":0},{"event_name":"Mysterious Sphere","player_choice":"Fight","floor":37,"damage_taken":0},{"event_name":"Bonfire Elementals","player_choice":"COMMON","floor":48,"damage_taken":0}],"boss_relics":[{"not_picked":["Runic Pyramid","Calling Bell"],"picked":"Lizard Tail"},{"not_picked":["Tiny House","Pandora\u0027s Box"],"picked":"Astrolabe"}],"potions_floor_spawned":[10,16,20,27,35,36,44,47],"seed_played":"-604860185411816923","is_trial":false}