{"path_per_floor":["M","M","?","M","?","R","M","M","T","R","M","R","M","?","R","B",null,"M","?","M","M","?","R","M","R","T","M","M","?","$","M","R","B",null,"M","?","?","?","T","R","M","R","T","M","M","M","R","M","R","B"],"character_chosen":"THE_SILENT","items_purchased":["Adrenaline"],"gold_per_floor":[110,124,124,134,134,134,148,160,160,160,170,170,184,205,205,310,310,310,235,235,235,235,235,235,235,235,235,235,235,112,112,112,112,112,112,112,112,112,112,112,112,112,112,112,112,112,112,112,112,112],"floor_reached":51,"campfire_rested":2,"playtime":4776,"current_hp_per_floor":[68,68,73,72,72,72,70,69,69,69,59,59,57,56,56,38,75,68,68,63,63,63,63,52,52,59,47,25,25,25,24,48,48,82,82,72,72,72,72,72,72,72,72,64,56,42,42,35,59,38],"items_purged":["Strike_G"],"gold":112,"play_id":"6a0ac141-9e05-4ee8-9fea-1d1666dedbd0","is_prod":false,"is_daily":false,"campfire_rituals":0,"campfire_upgraded":9,"is_hardmode":false,"path_taken":["M","M","?","M","?","R","M","M","T","R","M","R","M","?","R","BOSS","M","?","M","?","?","R","M","R","T","M","?","?","?","?","R","BOSS","M","?","?","?","?","R","M","R","T","M","M","?","R","M","R","BOSS"],"build_version":"2018-01-18-PROD4","purchased_purges":1,"victory":true,"master_deck":["Defend_G","Defend_G","Defend_G","Defend_G","Defend_G","Acrobatics","Noxious Fumes","Dagger Throw","Terror","Escape Plan","Deflect","Bouncing Flask","Corpse Explosion","Footwork","Adrenaline","Unload","Tools of the Trade","All Out Attack","Backflip","Madness","Madness","Bouncing Flask","Catalyst"],"max_hp_per_floor":[70,70,75,75,75,75,75,75,75,75,75,75,75,75,75,75,75,75,75,75,75,75,75,75,75,82,82,82,82,82,82,82,82,82,82,82,82,82,82,82,82,82,82,82,82,82,82,82,82,82],"relics":["Ring of the Snake","Smiling Mask","Odd Mushroom","Ectoplasm","Strawberry","Astrolabe","Gambling Chip","Tiny Chest"],"campfire_meditates":0,"card_choices":[{"not_picked":["Quick Slash","Masterful Stab"],"picked":"Noxious Fumes"},{"not_picked":["Riddle With Holes","Deadly Poison"],"picked":"Dagger Throw"},{"not_picked":["Cloak And Dagger","Blade Dance"],"picked":"Terror"},{"not_picked":["Outmaneuver","Crippling Poison"],"picked":"Escape Plan"},{"not_picked":["Choke","Infinite Blades"],"picked":"Deflect"},{"not_picked":["Catalyst","Underhanded Strike"],"picked":"Bouncing Flask"},{"not_picked":["After Image","Tools of the Trade"],"picked":"Corpse Explosion"},{"not_picked":["Bouncing Flask","Flechettes"],"picked":"Footwork"},{"not_picked":["Dagger Spray","Deflect"],"picked":"Backflip"},{"not_picked":["Poisoned Stab","Quick Slash"],"picked":"Bouncing Flask"},{"not_picked":["Dagger Throw","Flying Knee"],"picked":"Catalyst"}],"player_experience":370213,"potions_floor_usage":[8,14,21,21,28,44,50,50,50],"damage_taken":[{"damage":2,"enemies":"Small Slimes","floor":1,"turns":5},{"damage":0,"enemies":"Jaw Worm","floor":2,"turns":4},{"damage":1,"enemies":"Cultist","floor":4,"turns":3},{"damage":2,"enemies":"Looter","floor":7,"turns":3},{"damage":1,"enemies":"Exordium Thugs","floor":8,"turns":4},{"damage":10,"enemies":"2 Fungi Beasts","floor":11,"turns":3},{"damage":2,"enemies":"Large Slime","floor":13,"turns":6},{"damage":1,"enemies":"The Mushroom Lair","floor":14,"turns":4},{"damage":18,"enemies":"Hexaghost","floor":16,"turns":7},{"damage":7,"enemies":"Shell Parasite","floor":18,"turns":4},{"damage":5,"enemies":"Chosen","floor":20,"turns":4},{"damage":0,"enemies":"3 Cultists","floor":21,"turns":4},{"damage":11,"enemies":"Snake Plant","floor":24,"turns":6},{"damage":12,"enemies":"Centurion and Healer","floor":27,"turns":5},{"damage":22,"enemies":"Slaver and Parasite","floor":28,"turns":7},{"damage":1,"enemies":"3 Cultists","floor":31,"turns":5},{"damage":0,"enemies":"Champ","floor":33,"turns":10},{"damage":0,"enemies":"3 Darklings","floor":35,"turns":5},{"damage":0,"enemies":"Orb Walker","floor":41,"turns":3},{"damage":8,"enemies":"4 Shapes","floor":44,"turns":4},{"damage":8,"enemies":"Maw","floor":45,"turns":4},{"damage":14,"enemies":"Sphere and 2 Shapes","floor":46,"turns":7},{"damage":7,"enemies":"4 Shapes","floor":48,"turns":7},{"damage":21,"enemies":"Time Eater","floor":50,"turns":5}],"event_choices":[{"event_name":"Big Fish","player_choice":"Donut","floor":3,"damage_taken":0},{"event_name":"The Lab","player_choice":"Got Potions","floor":5,"damage_taken":0},{"event_name":"Mushrooms","player_choice":"Fought Mushrooms","floor":14,"damage_taken":0},{"event_name":"Beggar","player_choice":"Gave Gold","floor":19,"damage_taken":0},{"event_name":"Vampires","player_choice":"Ignored","floor":22,"damage_taken":0},{"event_name":"Back to Basics","player_choice":"Simplicity","floor":29,"damage_taken":0},{"event_name":"Winding Halls","player_choice":"Embrace Madness","floor":36,"damage_taken":0},{"event_name":"Mysterious Sphere","player_choice":"Ignore","floor":38,"damage_taken":0}],"boss_relics":[{"not_picked":["Orrery","Black Star"],"picked":"Ectoplasm"},{"not_picked":["White Beast Statue","Pandora\u0027s Box"],"picked":"Astrolabe"}],"potions_floor_spawned":[4,7,11,16,20,21,31,41,44,45],"seed_played":"3644009402299982776","is_trial":false}