{"path_per_floor":["M","$","?","$","M","E","M","?","T","M","M","M","R","M","R","B",null,"M","M","$","M","M","R","M","M","T","R","M","?","R","?","R","B",null,"M","?","M","M","$","R","M","R","T","$","R","?","$","M","R","B"],"character_chosen":"THE_SILENT","items_purchased":["Thread and Needle"],"gold_per_floor":[115,40,40,40,56,83,103,178,178,195,205,221,221,240,240,338,338,338,338,37,37,37,37,37,37,37,37,37,37,37,37,37,37,37,37,37,37,37,37,37,37,37,37,37,37,37,37,37,37,37],"floor_reached":51,"campfire_rested":0,"playtime":7234,"current_hp_per_floor":[70,70,56,56,56,56,56,45,45,44,44,44,44,44,44,38,70,69,69,69,69,69,69,69,69,69,69,69,70,70,70,70,37,70,60,50,49,49,49,59,70,70,70,70,70,70,70,59,69,69],"items_purged":["Strike_G"],"gold":37,"play_id":"b567719d-f28b-466a-823c-c6af26b33151","is_prod":false,"is_daily":false,"campfire_rituals":0,"campfire_upgraded":10,"is_hardmode":false,"path_taken":["M","$","?","?","M","E","M","?","T","M","?","?","R","M","R","BOSS","M","M","$","M","M","R","?","M","T","R","M","?","R","?","R","BOSS","M","?","?","?","?","R","M","R","T","$","R","?","?","M","R","BOSS"],"build_version":"2018-01-11-PROD2","purchased_purges":1,"victory":true,"master_deck":["Defend_G","Defend_G","Defend_G","Defend_G","Strike_G","Strike_G","Strike_G","Strike_G","Survivor","Neutralize","Glass Knife","Backflip","Bouncing Flask","After Image","Sucker Punch","Storm of Steel","Dagger Throw","Malaise","Cloak And Dagger","Backflip","Tactician","Quick Slash","Madness","Madness","Quick Slash","Backflip"],"max_hp_per_floor":[70,70,70,70,70,70,70,70,70,70,70,70,70,70,70,70,70,70,70,70,70,70,70,70,70,70,70,70,70,70,70,70,70,70,70,70,70,70,70,70,70,70,70,70,70,70,70,70,70,70],"relics":["Ring of the Snake","NeowsBlessing","Toolbox","Torii","Ectoplasm","Thread and Needle","Happy Flower","Eternal Feather","Bag of Preparation"],"campfire_meditates":0,"card_choices":[{"not_picked":["Bane","Prepared"],"picked":"Glass Knife"},{"not_picked":["Quick Slash","Blur"],"picked":"Backflip"},{"not_picked":["Acrobatics","Deadly Poison"],"picked":"Bouncing Flask"},{"not_picked":["Prepared","Poisoned Stab"],"picked":"After Image"},{"not_picked":["Dodge and Roll","PiercingWail"],"picked":"Sucker Punch"},{"not_picked":["Venomology","Wraith Form"],"picked":"Storm of Steel"},{"not_picked":["Catalyst","Poisoned Stab"],"picked":"Dagger Throw"},{"not_picked":["Outmaneuver","Poisoned Stab"],"picked":"Malaise"},{"not_picked":["Deflect","PiercingWail"],"picked":"Cloak And Dagger"},{"not_picked":["Quick Slash","Calculated Gamble"],"picked":"Backflip"},{"not_picked":["Corpse Explosion","Night Terror"],"picked":"Tactician"},{"not_picked":["Calculated Gamble","Crippling Poison"],"picked":"Quick Slash"},{"not_picked":["Flying Knee","Well Laid Plans"],"picked":"Quick Slash"},{"not_picked":["Bouncing Flask","Underhanded Strike"],"picked":"Backflip"}],"player_experience":316209,"potions_floor_usage":[16,22,24,33,38,41,50,50],"damage_taken":[{"damage":0,"enemies":"Cultist","floor":1,"turns":1},{"damage":0,"enemies":"Jaw Worm","floor":5,"turns":1},{"damage":0,"enemies":"Gremlin Nob","floor":6,"turns":1},{"damage":0,"enemies":"Small Slimes","floor":7,"turns":3},{"damage":1,"enemies":"Red Slaver","floor":10,"turns":3},{"damage":0,"enemies":"Looter","floor":11,"turns":3},{"damage":0,"enemies":"Large Slime","floor":12,"turns":5},{"damage":0,"enemies":"Exordium Wildlife","floor":14,"turns":4},{"damage":6,"enemies":"Hexaghost","floor":16,"turns":10},{"damage":1,"enemies":"Shell Parasite","floor":18,"turns":6},{"damage":0,"enemies":"3 Byrds","floor":19,"turns":4},{"damage":0,"enemies":"Snecko","floor":21,"turns":5},{"damage":0,"enemies":"Snake Plant","floor":22,"turns":5},{"damage":0,"enemies":"Centurion and Healer","floor":24,"turns":6},{"damage":0,"enemies":"Snecko","floor":25,"turns":5},{"damage":0,"enemies":"Snake Plant","floor":28,"turns":6},{"damage":33,"enemies":"Automaton","floor":33,"turns":14},{"damage":10,"enemies":"3 Shapes","floor":35,"turns":8},{"damage":1,"enemies":"Orb Walker","floor":37,"turns":4},{"damage":0,"enemies":"Sphere and 2 Shapes","floor":38,"turns":5},{"damage":1,"enemies":"4 Shapes","floor":41,"turns":11},{"damage":11,"enemies":"Maw","floor":48,"turns":9},{"damage":0,"enemies":"Awakened One","floor":50,"turns":16}],"event_choices":[{"event_name":"Shining Light","player_choice":"Entered Light","floor":3,"damage_taken":0},{"event_name":"World of Goop","player_choice":"Gather Gold","floor":8,"damage_taken":0},{"event_name":"Wheel of Change","player_choice":"Full Heal","floor":29,"damage_taken":0},{"event_name":"Drug Dealer","player_choice":"Ignored","floor":31,"damage_taken":0},{"event_name":"Winding Halls","player_choice":"Embrace Madness","floor":36,"damage_taken":0}],"boss_relics":[{"not_picked":["Pandora\u0027s Box","Runic Dome"],"picked":"Ectoplasm"},{"not_picked":["Orrery","Question Card"],"picked":"Eternal Feather"}],"potions_floor_spawned":[5,6,7,16,19,21,22,25,37,48],"seed_played":"7016345682112300410","is_trial":false}