{"path_per_floor":["M","?","?","$","$","R","E","M","T","?","R","M","R","M","R","B",null,"M","?","?","$","M","R","M","E","T","R","E","?","M","M","R","B",null,"M","M","M","M","M","E","?","?","T","$","T","R","E","?","R","B"],"character_chosen":"THE_SILENT","items_purchased":["Pantograph"],"gold_per_floor":[114,114,114,39,39,39,73,90,115,115,115,126,126,137,137,238,238,258,183,183,83,55,55,74,102,150,150,185,100,112,125,125,229,229,249,265,277,287,304,365,365,365,365,2,73,73,100,100,100,100],"floor_reached":51,"campfire_rested":2,"playtime":4761,"current_hp_per_floor":[70,67,67,67,67,67,49,49,49,49,49,49,49,49,70,17,70,68,68,68,68,65,65,60,53,53,53,62,62,62,62,62,72,80,80,63,45,45,45,51,51,51,51,51,51,75,73,63,63,80],"items_purged":["Strike_G","Defend_G","Strike_G"],"gold":100,"play_id":"8b80bf1c-4d0c-4514-8a0b-63671a3f9d13","is_prod":false,"is_daily":false,"campfire_rituals":0,"campfire_upgraded":7,"is_hardmode":false,"path_taken":["M","?","?","?","$","R","E","M","T","?","R","M","R","M","R","BOSS","M","?","?","$","?","R","M","E","T","R","E","?","M","M","R","BOSS","M","M","M","M","M","E","?","?","T","$","?","R","E","?","R","BOSS"],"build_version":"2018-01-11-PROD2","purchased_purges":3,"victory":true,"master_deck":["Defend_G","Defend_G","Defend_G","Strike_G","Survivor","Neutralize","Venomology","Flying Knee","Leg Sweep","After Image","Flying Knee","Noxious Fumes","Flying Knee","Footwork","Backflip","Adrenaline","Madness","Madness"],"max_hp_per_floor":[70,70,70,70,70,70,70,70,70,70,70,70,70,70,70,70,70,70,70,70,70,70,70,70,70,70,70,80,80,80,80,80,80,80,80,80,80,80,80,80,80,80,80,80,80,80,80,80,80,80],"relics":["Ring of the Snake","Vajra","Toxic Egg","Lantern","Black Star","Paper Crane","Meat on the Bone","Oddly Smooth Stone","Mercury Hourglass","Pear","Gremlin Horn","Runic Pyramid","Bag of Preparation","Tiny Chest","Ginger","Pantograph","Centennial Puzzle","Shuriken","Bottled Lightning"],"campfire_meditates":0,"card_choices":[{"not_picked":["Choke","PiercingWail"],"picked":"Flying Knee"},{"not_picked":["Infinite Blades","Outmaneuver"],"picked":"Leg Sweep"},{"not_picked":["Wraith Form","Unload"],"picked":"After Image"},{"not_picked":["Deadly Poison","Bane"],"picked":"Flying Knee"},{"not_picked":["Riddle With Holes","Dash"],"picked":"Noxious Fumes"},{"not_picked":["Prepared","Predator"],"picked":"Flying Knee"},{"not_picked":["Poisoned Stab","Slice"],"picked":"Footwork"},{"not_picked":["Sucker Punch","Calculated Gamble"],"picked":"Backflip"},{"not_picked":["Doppelganger","Night Terror"],"picked":"Adrenaline"}],"player_experience":38946,"potions_floor_usage":[1,12,14,16,16,18,24,25,25,25,28,30,31,33,33,33,36,36,37,38,39,39,40,40,40,50,50],"damage_taken":[{"damage":0,"enemies":"Small Slimes","floor":1,"turns":3},{"damage":18,"enemies":"Lagavulin","floor":7,"turns":8},{"damage":0,"enemies":"2 Louse","floor":8,"turns":3},{"damage":0,"enemies":"Blue Slaver","floor":12,"turns":4},{"damage":0,"enemies":"Large Slime","floor":14,"turns":6},{"damage":53,"enemies":"Slime Boss","floor":16,"turns":25},{"damage":2,"enemies":"3 Byrds","floor":18,"turns":11},{"damage":3,"enemies":"2 Thieves","floor":22,"turns":5},{"damage":5,"enemies":"3 Cultists","floor":24,"turns":7},{"damage":7,"enemies":"Gremlin Leader","floor":25,"turns":9},{"damage":1,"enemies":"Book of Stabbing","floor":28,"turns":6},{"damage":0,"enemies":"Centurion and Healer","floor":30,"turns":6},{"damage":0,"enemies":"Snecko","floor":31,"turns":5},{"damage":5,"enemies":"Collector","floor":33,"turns":10},{"damage":0,"enemies":"3 Shapes","floor":35,"turns":5},{"damage":17,"enemies":"3 Darklings","floor":36,"turns":4},{"damage":18,"enemies":"4 Shapes","floor":37,"turns":4},{"damage":0,"enemies":"Sphere and 2 Shapes","floor":38,"turns":6},{"damage":0,"enemies":"Maw","floor":39,"turns":9},{"damage":6,"enemies":"Nemesis","floor":40,"turns":10},{"damage":2,"enemies":"2 Orb Walkers","floor":47,"turns":7},{"damage":0,"enemies":"Awakened One","floor":50,"turns":12}],"event_choices":[{"event_name":"Scrap Ooze","player_choice":"success","floor":2,"damage_taken":3},{"event_name":"Accursed Blacksmith","player_choice":"Forge","floor":3,"damage_taken":0},{"event_name":"Living Wall","player_choice":"Forget","floor":10,"damage_taken":0},{"event_name":"Beggar","player_choice":"Gave Gold","floor":19,"damage_taken":0},{"event_name":"The Woman in Blue","player_choice":"Bought 0 Potions","floor":20,"damage_taken":0},{"event_name":"Addict","player_choice":"Obtained Relic","floor":29,"damage_taken":0},{"event_name":"Bonfire Elementals","player_choice":"BASIC","floor":41,"damage_taken":0},{"event_name":"Tomb of Lord Red Mask","player_choice":"Ignored","floor":42,"damage_taken":0},{"event_name":"Winding Halls","player_choice":"Embrace Madness","floor":48,"damage_taken":0}],"boss_relics":[{"not_picked":["Sozu","Runic Dome"],"picked":"Black Star"},{"not_picked":["Snecko Eye","Velvet Choker"],"picked":"Runic Pyramid"}],"potions_floor_spawned":[12,14,24,25,28,30,33,36,37,38],"seed_played":"-5121513411415380172","is_trial":false}