{"path_per_floor":["M","$","?","M","M","R","$","?","T","M","M","M","?","M","R","B",null,"M","?","?","M","$","R","M","R","T","T","M","M","R","M","R","B",null,"M","T","M","T","T","E","R","$","T","M","$","M","M","M","R","B"],"character_chosen":"THE_SILENT","items_purchased":["Dash","Paper Crane","Letter Opener"],"gold_per_floor":[116,41,41,57,72,72,72,72,72,93,118,131,131,154,154,282,282,295,295,295,310,210,210,230,230,283,283,308,329,329,347,347,477,477,492,492,516,516,516,560,560,431,479,498,7,22,35,49,49,49],"floor_reached":51,"campfire_rested":1,"playtime":4091,"current_hp_per_floor":[62,62,45,45,45,45,45,45,45,44,44,44,44,44,44,58,67,67,67,51,44,44,44,44,44,44,51,51,48,48,48,48,48,70,59,59,59,59,59,38,61,61,61,61,61,61,61,57,57,36],"items_purged":["Strike_G","Strike_G","All Out Attack"],"gold":49,"play_id":"8466eac9-6959-45cb-956f-147d184e68ee","is_prod":false,"is_daily":false,"is_ascension_mode":true,"campfire_upgraded":7,"path_taken":["M","$","?","?","?","R","$","?","T","M","M","M","?","M","R","BOSS","M","?","?","M","$","R","M","R","T","?","?","M","R","M","R","BOSS","M","?","M","?","?","E","R","$","T","M","$","M","?","M","R","BOSS"],"build_version":"2018-01-25-PROD3","purchased_purges":3,"victory":true,"master_deck":["Defend_G","Defend_G","Defend_G","Defend_G","Defend_G","Survivor","Neutralize+1","Footwork+1","Terror+1","Backflip","Escape Plan","Flying Knee+1","After Image+1","Unload+1","Bouncing Flask+1","Footwork+1","Backflip","Tools of the Trade+1","Footwork+1","After Image","Footwork+1","Acrobatics+1","Dash","Noxious Fumes+1"],"max_hp_per_floor":[70,70,70,70,70,70,70,70,70,70,70,70,70,70,70,70,70,70,70,70,70,70,70,70,70,70,77,77,77,77,77,77,77,77,77,77,77,77,77,77,77,77,77,77,77,77,77,77,77,77],"relics":["Ring of the Snake","Golden Idol","Matryoshka","Vajra","Thread and Needle","Astrolabe","Enchiridion","Bag of Marbles","Tiny Chest","Strawberry","Sozu","Pantograph","Unceasing Top","Calipers","Smiling Mask","Frozen Egg","Paper Crane","Letter Opener"],"card_choices":[{"not_picked":["Prepared","Bouncing Flask"],"picked":"Footwork"},{"not_picked":["Leg Sweep","PiercingWail"],"picked":"Terror"},{"not_picked":["Terror","PiercingWail"],"picked":"Backflip"},{"not_picked":["Deadly Poison","Prepared"],"picked":"Escape Plan"},{"not_picked":["Dagger Throw","Dodge and Roll"],"picked":"Flying Knee"},{"not_picked":["Bane","Outmaneuver"],"picked":"After Image"},{"not_picked":["Heel Hook","PiercingWail"],"picked":"Footwork"},{"not_picked":["Sucker Punch","Poisoned Stab"],"picked":"Backflip"},{"not_picked":["Poisoned Stab","Dodge and Roll"],"picked":"Tools of the Trade"},{"not_picked":["Deflect","Finisher"],"picked":"Footwork"},{"not_picked":["Tools of the Trade","Grand Finale"],"picked":"After Image"},{"not_picked":["Sucker Punch","Reflex"],"picked":"Footwork"},{"not_picked":["Endless Agony","Deflect"],"picked":"Acrobatics"},{"not_picked":["Terror","Backflip"],"picked":"Noxious Fumes"}],"player_experience":726604,"potions_floor_usage":[16,21,24],"damage_taken":[{"damage":1,"enemies":"Blue Slaver","floor":1,"turns":5},{"damage":0,"enemies":"Jaw Worm","floor":4,"turns":7},{"damage":0,"enemies":"2 Louse","floor":5,"turns":4},{"damage":1,"enemies":"Red Slaver","floor":10,"turns":5},{"damage":0,"enemies":"3 Louse","floor":11,"turns":5},{"damage":0,"enemies":"Exordium Wildlife","floor":12,"turns":4},{"damage":0,"enemies":"Looter","floor":14,"turns":3},{"damage":1,"enemies":"The Guardian","floor":16,"turns":12},{"damage":0,"enemies":"Spheric Guardian","floor":18,"turns":5},{"damage":7,"enemies":"3 Byrds","floor":21,"turns":5},{"damage":0,"enemies":"Snecko","floor":24,"turns":5},{"damage":0,"enemies":"Centurion and Healer","floor":28,"turns":7},{"damage":3,"enemies":"Snake Plant","floor":29,"turns":6},{"damage":0,"enemies":"Chosen and Byrds","floor":31,"turns":6},{"damage":0,"enemies":"Champ","floor":33,"turns":14},{"damage":11,"enemies":"Orb Walker","floor":35,"turns":4},{"damage":0,"enemies":"3 Shapes","floor":37,"turns":6},{"damage":21,"enemies":"2 Orb Walkers","floor":40,"turns":8},{"damage":0,"enemies":"Sphere and 2 Shapes","floor":44,"turns":8},{"damage":0,"enemies":"4 Shapes","floor":46,"turns":8},{"damage":0,"enemies":"Maw","floor":47,"turns":10},{"damage":4,"enemies":"3 Darklings","floor":48,"turns":7},{"damage":41,"enemies":"Awakened One","floor":50,"turns":18}],"event_choices":[{"event_name":"Golden Idol","player_choice":"Take Damage","floor":3,"damage_taken":0},{"event_name":"Dead Adventurer","player_choice":"Searched \u00271\u0027 times","floor":8,"damage_taken":0},{"event_name":"The Lab","player_choice":"Got Potions","floor":13,"damage_taken":0},{"event_name":"Vampires","player_choice":"Ignored","floor":19,"damage_taken":0},{"event_name":"Cursed Tome","player_choice":"Obtained Book","floor":20,"damage_taken":0}],"boss_relics":[{"not_picked":["Calling Bell","The Specimen"],"picked":"Astrolabe"},{"not_picked":["Runic Dome","Cursed Key"],"picked":"Sozu"}],"potions_floor_spawned":[4,14,21,24,28,37,46],"seed_played":"5371667175262918931","ascension_level":6,"is_trial":false}