{"path_per_floor":["M","?","T","M","M","R","E","R","T","$","?","R","M","?","R","B",null,"M","M","?","M","$","R","E","R","T","R","?","M","?","M","R","B",null,"M","?","M","M","?","R","?","R","T","M","M","M","M","M","R","B"],"character_chosen":"THE_SILENT","items_purchased":["Footwork","Backflip"],"gold_per_floor":[18,18,18,38,52,52,90,90,115,40,40,40,61,61,61,192,192,210,223,223,237,16,16,44,44,44,44,44,54,54,73,73,176,176,188,188,208,219,219,219,0,0,0,15,32,43,55,66,66,66],"floor_reached":51,"campfire_rested":0,"playtime":3350,"current_hp_per_floor":[67,50,50,47,47,47,40,40,40,40,40,40,40,45,45,41,75,75,63,63,53,53,53,56,56,56,56,56,61,61,66,66,58,75,75,66,71,75,75,75,75,75,75,75,75,75,75,75,75,74],"items_purged":["Corpse Explosion","Dagger Spray"],"gold":66,"score":519,"play_id":"004436c0-f576-415c-add0-f4075dfb803c","is_prod":false,"is_daily":false,"is_ascension_mode":false,"campfire_upgraded":11,"path_taken":["M","?","?","M","?","R","E","R","T","$","?","R","M","?","R","BOSS","M","M","?","M","$","R","E","R","T","R","?","M","?","M","R","BOSS","M","?","M","M","?","R","?","R","T","M","M","?","M","M","R","BOSS"],"build_version":"2018-02-12-PROD1","purchased_purges":4,"victory":true,"master_deck":["Defend_G+1","Defend_G+1","Defend_G+1","Defend_G+1","Survivor+1","Neutralize+1","Slice","Noxious Fumes+1","Cloak And Dagger+1","Dash+1","Die Die Die","A Thousand Cuts+1","Bane+1","Concentrate+1","Well Laid Plans+1","Footwork+1","Backflip+1","Acrobatics+1","Burst+1","Cloak And Dagger+1","Madness+1","Madness","Backflip+1","Backflip+1","Calculated Gamble+1"],"max_hp_per_floor":[70,70,70,70,70,70,70,70,70,70,70,70,70,75,75,75,75,75,75,75,75,75,75,75,75,75,75,75,75,75,75,75,75,75,75,75,75,75,75,75,75,75,75,75,75,75,75,75,75,75],"relics":["Ring of the Snake","Bloody Idol","Calipers","Pantograph","Bronze Scales","Astrolabe","Tingsha","Mummified Hand","Sozu","Red Mask","Ninja Scroll"],"card_choices":[{"not_picked":["Masterful Stab","Deflect"],"picked":"Dagger Spray"},{"not_picked":["Terror","Bane"],"picked":"Noxious Fumes"},{"not_picked":["Distraction","Blur"],"picked":"Cloak And Dagger"},{"not_picked":["Prepared","Backflip"],"picked":"Dash"},{"not_picked":["Tactician","Wraith Form"],"picked":"Die Die Die"},{"not_picked":["Reflex","Outmaneuver"],"picked":"Well Laid Plans"},{"not_picked":["Finisher","Backflip"],"picked":"Acrobatics"},{"not_picked":["Night Terror","A Thousand Cuts"],"picked":"Burst"},{"not_picked":["Masterful Stab","Infinite Blades"],"picked":"Cloak And Dagger"},{"not_picked":["Catalyst","Deflect"],"picked":"Backflip"},{"not_picked":["Deflect","Accuracy"],"picked":"Backflip"},{"not_picked":["Dagger Throw","Deflect"],"picked":"Calculated Gamble"}],"player_experience":1192409,"potions_floor_usage":[7,24],"damage_taken":[{"damage":3,"enemies":"Small Slimes","floor":1,"turns":4},{"damage":3,"enemies":"2 Louse","floor":4,"turns":2},{"damage":0,"enemies":"Jaw Worm","floor":5,"turns":4},{"damage":7,"enemies":"Lagavulin","floor":7,"turns":7},{"damage":0,"enemies":"Exordium Thugs","floor":13,"turns":5},{"damage":29,"enemies":"Slime Boss","floor":16,"turns":10},{"damage":0,"enemies":"3 Byrds","floor":18,"turns":3},{"damage":12,"enemies":"Spheric Guardian","floor":19,"turns":5},{"damage":15,"enemies":"Slaver and Parasite","floor":21,"turns":6},{"damage":2,"enemies":"Book of Stabbing","floor":24,"turns":6},{"damage":0,"enemies":"Snecko","floor":29,"turns":4},{"damage":0,"enemies":"Centurion and Healer","floor":31,"turns":3},{"damage":22,"enemies":"Champ","floor":33,"turns":10},{"damage":0,"enemies":"3 Darklings","floor":35,"turns":2},{"damage":0,"enemies":"3 Shapes","floor":37,"turns":2},{"damage":0,"enemies":"3 Darklings","floor":38,"turns":3},{"damage":0,"enemies":"4 Shapes","floor":44,"turns":4},{"damage":0,"enemies":"Sphere and 2 Shapes","floor":45,"turns":2},{"damage":0,"enemies":"Maw","floor":46,"turns":5},{"damage":0,"enemies":"4 Shapes","floor":47,"turns":2},{"damage":0,"enemies":"3 Darklings","floor":48,"turns":2},{"damage":1,"enemies":"Awakened One","floor":50,"turns":7}],"event_choices":[{"event_name":"Golden Idol","player_choice":"Take Damage","floor":2,"damage_taken":0},{"event_name":"Living Wall","player_choice":"Forget","floor":11,"damage_taken":0},{"event_name":"Big Fish","player_choice":"Donut","floor":14,"damage_taken":0},{"event_name":"Forgotten Altar","player_choice":"Gave Idol","floor":20,"damage_taken":0},{"event_name":"Back to Basics","player_choice":"Simplicity","floor":28,"damage_taken":0},{"event_name":"Addict","player_choice":"Ignored","floor":30,"damage_taken":0},{"event_name":"Winding Halls","player_choice":"Embrace Madness","floor":36,"damage_taken":0},{"event_name":"Mysterious Sphere","player_choice":"Ignore","floor":39,"damage_taken":0},{"event_name":"Tomb of Lord Red Mask","player_choice":"Paid","floor":41,"damage_taken":0}],"boss_relics":[{"not_picked":["Pandora\u0027s Box","Cursed Key"],"picked":"Astrolabe"},{"not_picked":["Lizard Tail","Eternal Feather"],"picked":"Sozu"}],"potions_floor_spawned":[5,16,21,29,33,38,44,45,47,48],"seed_played":"-5764878482577893907","ascension_level":0,"is_trial":false}