{"path_per_floor":["M","?","M","$","?","R","?","R","T","R","M","R","E","M","R","B",null,"M","?","$","?","M","R","M","E","T","M","?","M","R","M","R","B",null,"M","?","$","T","$","R","?","R","T","M","?","T","?","M","R","B"],"character_chosen":"THE_SILENT","items_purchased":["Bag of Preparation","Noxious Fumes"],"gold_per_floor":[110,185,203,128,128,128,128,128,128,128,141,141,169,184,184,280,280,280,280,76,76,76,76,76,76,76,76,76,76,76,76,76,76,76,76,76,8,8,8,8,8,8,8,8,8,8,8,8,8,8],"floor_reached":51,"campfire_rested":1,"playtime":14745,"current_hp_per_floor":[70,59,57,57,57,57,57,57,57,57,57,57,44,44,44,12,70,70,70,70,70,70,70,70,48,48,36,36,35,35,35,56,70,70,70,70,70,70,70,70,70,70,70,65,56,56,56,52,52,27],"items_purged":["Strike_G","Strike_G"],"gold":8,"score":511,"play_id":"1a969f7e-aa12-494e-ac6c-99cda80a8bd1","is_prod":false,"is_daily":false,"is_ascension_mode":false,"campfire_upgraded":8,"path_taken":["M","?","M","$","?","R","?","R","T","R","?","R","E","M","R","BOSS","M","?","$","?","?","R","M","E","T","M","?","M","R","M","R","BOSS","M","?","$","?","$","R","?","R","T","M","?","?","?","M","R","BOSS"],"build_version":"2018-02-08-PROD1","purchased_purges":2,"victory":true,"master_deck":["Defend_G","Defend_G","Defend_G","Defend_G","Strike_G","Strike_G","Survivor+1","Neutralize+1","Sucker Punch+1","Quick Slash+1","Purity","Footwork+1","Deflect+1","Die Die Die","Flying Knee+1","Cloak And Dagger+1","Dodge and Roll+1","Malaise+1","Well Laid Plans+1","Footwork+1","Noxious Fumes+1","Predator+1","Madness","Madness","Noxious Fumes+1"],"max_hp_per_floor":[70,70,70,70,70,70,70,70,70,70,70,70,70,70,70,70,70,70,70,70,70,70,70,70,70,70,70,70,70,70,70,70,70,70,70,70,70,70,70,70,70,70,70,70,70,70,70,70,70,70],"relics":["Ring of the Snake","Smiling Mask","Darkstone Periapt","Ectoplasm","Bag of Preparation","Pantograph","Old Coin","Sozu","Girya","Juzu Bracelet","Blue Candle"],"card_choices":[{"not_picked":["Slice","All Out Attack"],"picked":"Quick Slash"},{"not_picked":["Dagger Throw","Endless Agony"],"picked":"Footwork"},{"not_picked":["Blade Dance","Quick Slash"],"picked":"Deflect"},{"not_picked":["Envenom","Doppelganger"],"picked":"Die Die Die"},{"not_picked":["Bane","Slice"],"picked":"Flying Knee"},{"not_picked":["Blade Dance","Caltrops"],"picked":"Cloak And Dagger"},{"not_picked":["Endless Agony","Slice"],"picked":"Dodge and Roll"},{"not_picked":["Terror","Tools of the Trade"],"picked":"Malaise"},{"not_picked":["Outmaneuver","Flying Knee"],"picked":"Well Laid Plans"},{"not_picked":["Outmaneuver","Bane"],"picked":"Dagger Throw"},{"not_picked":["Leg Sweep","Prepared"],"picked":"Predator"},{"not_picked":["PiercingWail","Cloak And Dagger"],"picked":"Noxious Fumes"}],"player_experience":1040571,"potions_floor_usage":[16,31],"damage_taken":[{"damage":0,"enemies":"Cultist","floor":1,"turns":4},{"damage":2,"enemies":"Small Slimes","floor":3,"turns":4},{"damage":0,"enemies":"2 Louse","floor":11,"turns":2},{"damage":13,"enemies":"Gremlin Nob","floor":13,"turns":4},{"damage":0,"enemies":"Large Slime","floor":14,"turns":5},{"damage":32,"enemies":"Slime Boss","floor":16,"turns":17},{"damage":0,"enemies":"Shell Parasite","floor":18,"turns":7},{"damage":0,"enemies":"3 Byrds","floor":22,"turns":5},{"damage":0,"enemies":"Centurion and Healer","floor":24,"turns":7},{"damage":22,"enemies":"Book of Stabbing","floor":25,"turns":8},{"damage":12,"enemies":"Snake Plant","floor":27,"turns":5},{"damage":1,"enemies":"Chosen and Byrds","floor":29,"turns":10},{"damage":0,"enemies":"Centurion and Healer","floor":31,"turns":9},{"damage":0,"enemies":"Champ","floor":33,"turns":19},{"damage":0,"enemies":"Orb Walker","floor":35,"turns":6},{"damage":5,"enemies":"3 Darklings","floor":44,"turns":6},{"damage":4,"enemies":"4 Shapes","floor":48,"turns":6},{"damage":43,"enemies":"Awakened One","floor":50,"turns":15}],"event_choices":[{"event_name":"World of Goop","player_choice":"Gather Gold","floor":2,"damage_taken":0},{"event_name":"Match and Keep!","player_choice":"1 cards matched","floor":5,"damage_taken":0},{"event_name":"Living Wall","player_choice":"Forget","floor":7,"damage_taken":0},{"event_name":"N\u0027loth","player_choice":"Ignored","floor":19,"damage_taken":0},{"event_name":"Drug Dealer","player_choice":"Ignored","floor":21,"damage_taken":0},{"event_name":"Duplicator","player_choice":"One dupe","floor":28,"damage_taken":0},{"event_name":"Tomb of Lord Red Mask","player_choice":"Ignored","floor":36,"damage_taken":0},{"event_name":"Mysterious Sphere","player_choice":"Ignore","floor":41,"damage_taken":0},{"event_name":"Winding Halls","player_choice":"Embrace Madness","floor":45,"damage_taken":0}],"boss_relics":[{"not_picked":["Snecko Eye","Orrery"],"picked":"Ectoplasm"},{"not_picked":["Runic Pyramid","Cursed Key"],"picked":"Sozu"}],"potions_floor_spawned":[14,16,24,27,29],"seed_played":"-3525964951864458114","ascension_level":0,"is_trial":false}