{"path_per_floor":["M","M","M","?","?","R","?","R","T","R","M","?","M","M","R","B",null,"M","M","M","?","$","E","M","R","T","R","M","M","R","M","R","B",null,"M","?","M","M","M","R","M","M","T","$","R","M","M","?","R","B"],"character_chosen":"THE_SILENT","items_purchased":["Riddle With Holes","Bandage Up","Well Laid Plans","Footwork","Backflip","Snake Skull"],"gold_per_floor":[211,225,239,314,264,264,264,264,264,264,283,283,298,308,308,409,409,427,440,459,459,137,166,177,177,177,177,191,207,207,222,222,321,351,361,361,380,398,413,413,424,434,434,64,64,74,88,0,0,0],"floor_reached":51,"campfire_rested":3,"playtime":2944,"current_hp_per_floor":[64,62,61,50,50,50,50,50,50,50,47,40,40,40,40,27,70,68,67,62,46,46,61,44,44,44,44,27,31,52,55,55,59,75,75,66,69,61,33,55,55,42,42,42,64,68,64,64,64,29],"items_purged":["Defend_G","Accuracy"],"gold":0,"score":542,"play_id":"426fa788-090b-466f-a138-27f09e827605","is_prod":false,"is_daily":false,"is_ascension_mode":false,"campfire_upgraded":6,"path_taken":["M","M","M","?","?","R","?","R","T","R","M","?","?","?","R","BOSS","M","?","?","?","$","E","?","R","T","R","M","M","R","M","R","BOSS","M","?","M","M","M","R","?","M","T","$","R","M","M","?","R","BOSS"],"build_version":"2018-02-12-PROD1","purchased_purges":2,"victory":true,"master_deck":["Defend_G","Defend_G","Defend_G","Defend_G","Survivor","Neutralize+1","Dagger Spray+1","Cloak And Dagger+1","Cloak And Dagger","Escape Plan","Terror+1","After Image","Envenom+1","Accuracy+1","PiercingWail+1","Cloak And Dagger+1","Footwork","Backflip+1","Necronomicurse","Riddle With Holes","Bandage Up","Well Laid Plans+1","Infinite Blades","Infinite Blades","After Image","Accuracy+1","Madness","Madness","Backflip+1","Concentrate+1","Footwork","Backflip"],"max_hp_per_floor":[70,70,70,70,70,70,70,70,70,70,70,70,70,70,70,70,70,70,70,70,70,70,70,70,70,70,70,70,70,70,70,70,70,75,75,75,75,75,75,75,75,75,75,75,75,75,75,75,75,75],"relics":["Ring of the Snake","Calipers","Astrolabe","Necronomicon","Molten Egg 2","Girya","Tiny House","Ancient Tea Set","Snake Skull","Red Mask"],"card_choices":[{"not_picked":["Quick Slash","Endless Agony"],"picked":"Dagger Spray"},{"not_picked":["Expertise","All Out Attack"],"picked":"Cloak And Dagger"},{"not_picked":["Outmaneuver","Bullet Time"],"picked":"Cloak And Dagger"},{"not_picked":["Acrobatics","Dodge and Roll"],"picked":"Escape Plan"},{"not_picked":["Dagger Spray","Calculated Gamble"],"picked":"Terror"},{"not_picked":["Unload","Tactician"],"picked":"After Image"},{"not_picked":["Riddle With Holes","Acrobatics"],"picked":"Cloak And Dagger"},{"not_picked":["Dagger Spray","Dodge and Roll"],"picked":"Footwork"},{"not_picked":["Poisoned Stab","Acrobatics"],"picked":"Backflip"},{"not_picked":["Well Laid Plans","PiercingWail"],"picked":"Infinite Blades"},{"not_picked":["Acrobatics","Flechettes"],"picked":"Accuracy"},{"not_picked":["Underhanded Strike","Deadly Poison"],"picked":"Infinite Blades"},{"not_picked":["Slice","Poisoned Stab"],"picked":"After Image"},{"not_picked":["Acrobatics","Underhanded Strike"],"picked":"Accuracy"},{"not_picked":["Deadly Poison","Flying Knee"],"picked":"Backflip"},{"not_picked":["Crippling Poison","Bane"],"picked":"Concentrate"}],"player_experience":1171171,"potions_floor_usage":[23,24,24,35,38,39,39,42,50,50],"damage_taken":[{"damage":6,"enemies":"Jaw Worm","floor":1,"turns":8},{"damage":2,"enemies":"2 Louse","floor":2,"turns":2},{"damage":1,"enemies":"Cultist","floor":3,"turns":4},{"damage":3,"enemies":"Large Slime","floor":11,"turns":5},{"damage":0,"enemies":"Exordium Wildlife","floor":13,"turns":3},{"damage":0,"enemies":"Looter","floor":14,"turns":3},{"damage":13,"enemies":"The Guardian","floor":16,"turns":15},{"damage":2,"enemies":"Spheric Guardian","floor":18,"turns":7},{"damage":1,"enemies":"3 Byrds","floor":19,"turns":4},{"damage":5,"enemies":"Snecko","floor":20,"turns":9},{"damage":1,"enemies":"Book of Stabbing","floor":23,"turns":5},{"damage":21,"enemies":"Cultist and Chosen","floor":24,"turns":8},{"damage":21,"enemies":"Slaver and Parasite","floor":28,"turns":7},{"damage":0,"enemies":"Chosen and Byrds","floor":29,"turns":7},{"damage":1,"enemies":"3 Cultists","floor":31,"turns":5},{"damage":0,"enemies":"Champ","floor":33,"turns":7},{"damage":0,"enemies":"3 Shapes","floor":35,"turns":6},{"damage":1,"enemies":"Orb Walker","floor":37,"turns":4},{"damage":12,"enemies":"Maw","floor":38,"turns":6},{"damage":32,"enemies":"3 Darklings","floor":39,"turns":5},{"damage":4,"enemies":"4 Shapes","floor":41,"turns":11},{"damage":17,"enemies":"Sphere and 2 Shapes","floor":42,"turns":7},{"damage":0,"enemies":"Maw","floor":46,"turns":6},{"damage":8,"enemies":"4 Shapes","floor":47,"turns":8},{"damage":39,"enemies":"Time Eater","floor":50,"turns":12}],"event_choices":[{"event_name":"World of Goop","player_choice":"Gather Gold","floor":4,"damage_taken":0},{"event_name":"The Cleric","player_choice":"Card Removal","floor":5,"damage_taken":0},{"event_name":"The Woman in Blue","player_choice":"Bought 0 Potions","floor":7,"damage_taken":0},{"event_name":"Golden Wing","player_choice":"Card Removal","floor":12,"damage_taken":0},{"event_name":"Cursed Tome","player_choice":"Obtained Book","floor":21,"damage_taken":0},{"event_name":"Winding Halls","player_choice":"Embrace Madness","floor":36,"damage_taken":0},{"event_name":"Tomb of Lord Red Mask","player_choice":"Paid","floor":48,"damage_taken":0}],"boss_relics":[{"not_picked":["Lizard Tail","Calling Bell"],"picked":"Astrolabe"},{"not_picked":["Runic Pyramid","Snecko Eye"],"picked":"Tiny House"}],"potions_floor_spawned":[13,14,18,19,28,31,35,38,41,42],"seed_played":"8895022620786184290","ascension_level":0,"is_trial":false}