{"path_per_floor":["M","M","?","M","?","R","E","R","T","M","R","M","$","?","R","B",null,"M","M","?","M","M","R","M","R","T","T","E","$","?","M","R","B",null,"M","M","$","M","M","R","?","?","T","M","M","M","R","M","R","B"],"character_chosen":"THE_SILENT","items_purchased":["Calculated Gamble","Dash","War Paint"],"gold_per_floor":[116,126,126,140,140,140,165,165,222,234,234,250,27,82,82,181,181,197,211,211,221,235,235,246,246,246,246,281,30,30,46,46,149,149,160,180,55,75,89,89,89,89,89,103,117,131,131,148,148,148],"floor_reached":51,"campfire_rested":0,"playtime":3664,"current_hp_per_floor":[70,70,56,56,44,44,39,39,39,39,39,39,39,45,45,40,70,70,70,70,70,70,70,70,70,70,70,70,70,70,70,70,58,70,70,70,70,62,66,66,66,66,66,66,66,66,66,66,66,60],"items_purged":["Strike_G","Strike_G","Strike_G"],"gold":148,"score":498,"play_id":"2c6b28fc-f022-4c5f-8e04-fb515ca1b709","is_prod":false,"is_daily":false,"is_ascension_mode":false,"campfire_upgraded":8,"path_taken":["M","M","?","?","?","R","E","R","T","M","R","M","?","?","R","BOSS","M","?","?","M","?","R","M","R","T","?","E","$","?","?","R","BOSS","M","M","$","M","M","R","?","?","T","M","M","M","R","?","R","BOSS"],"build_version":"2018-02-12-PROD1","purchased_purges":3,"victory":true,"master_deck":["Defend_G","Defend_G","Defend_G+1","Defend_G+1","Survivor+1","Neutralize+1","Terror+1","Tools of the Trade+1","Footwork+1","Eviscerate+1","Backflip+1","Calculated Gamble+1","Dash+1","Concentrate+1","After Image","Calculated Gamble+1","Underhanded Strike+1","Quick Slash+1","Well Laid Plans+1","Envenom+1","Crippling Poison+1","After Image+1","Reflex+1","Dagger Throw+1","Footwork+1"],"max_hp_per_floor":[70,70,70,70,70,70,70,70,70,70,70,70,70,70,70,70,70,70,70,70,70,70,70,70,70,70,70,70,70,70,70,70,70,70,70,70,70,70,70,70,70,70,70,70,70,70,70,70,70,70],"relics":["Ring of the Snake","Toolbox","Molten Egg 2","Tiny Chest","Thread and Needle","Sozu","Girya","Dream Catcher","Snake Skull","War Paint","Astrolabe","Ginger"],"card_choices":[{"not_picked":["Deflect","Setup"],"picked":"Terror"},{"not_picked":["Concentrate","Eviscerate"],"picked":"Tools of the Trade"},{"not_picked":["Riddle With Holes","Crippling Poison"],"picked":"Footwork"},{"not_picked":["Deadly Poison","Choke"],"picked":"Eviscerate"},{"not_picked":["Backstab","Sucker Punch"],"picked":"Backflip"},{"not_picked":["Slice","Deadly Poison"],"picked":"Concentrate"},{"not_picked":["Venomology","Grand Finale"],"picked":"After Image"},{"not_picked":["Quick Slash","Infinite Blades"],"picked":"Calculated Gamble"},{"not_picked":["Slice","Heel Hook"],"picked":"Underhanded Strike"},{"not_picked":["Deadly Poison","Sucker Punch"],"picked":"Quick Slash"},{"not_picked":["Flechettes","Blur"],"picked":"Well Laid Plans"},{"not_picked":["Outmaneuver","Backflip"],"picked":"Reflex"},{"not_picked":["Poisoned Stab","Underhanded Strike"],"picked":"Dagger Throw"},{"not_picked":["Bane","Crippling Poison"],"picked":"Footwork"}],"player_experience":1200692,"potions_floor_usage":[],"damage_taken":[{"damage":0.0,"enemies":"Cultist","floor":1.0,"turns":4.0},{"damage":0.0,"enemies":"Small Slimes","floor":2.0,"turns":4.0},{"damage":0.0,"enemies":"Jaw Worm","floor":4.0,"turns":4.0},{"damage":9.0,"enemies":"3 Sentries","floor":7.0,"turns":8.0},{"damage":0.0,"enemies":"Lots of Slimes","floor":10.0,"turns":5.0},{"damage":0.0,"enemies":"3 Louse","floor":12.0,"turns":5.0},{"damage":3.0,"enemies":"Lagavulin Event","floor":14.0,"turns":4.0},{"damage":5.0,"enemies":"Hexaghost","floor":16.0,"turns":9.0},{"damage":0.0,"enemies":"Shell Parasite","floor":18.0,"turns":5.0},{"damage":0.0,"enemies":"2 Thieves","floor":19.0,"turns":4.0},{"damage":0.0,"enemies":"Chosen and Byrds","floor":21.0,"turns":6.0},{"damage":0.0,"enemies":"Centurion and Healer","floor":22.0,"turns":5.0},{"damage":0,"enemies":"3 Cultists","floor":24,"turns":7},{"damage":0,"enemies":"Gremlin Leader","floor":28,"turns":6},{"damage":0,"enemies":"Snecko","floor":31,"turns":3},{"damage":12,"enemies":"Champ","floor":33,"turns":13},{"damage":0,"enemies":"3 Darklings","floor":35,"turns":5},{"damage":0,"enemies":"3 Shapes","floor":36,"turns":4},{"damage":8,"enemies":"3 Darklings","floor":38,"turns":5},{"damage":0,"enemies":"4 Shapes","floor":39,"turns":5},{"damage":0,"enemies":"Sphere and 2 Shapes","floor":44,"turns":5},{"damage":0,"enemies":"3 Darklings","floor":45,"turns":4},{"damage":0,"enemies":"Maw","floor":46,"turns":5},{"damage":0,"enemies":"Sphere and 2 Shapes","floor":48,"turns":6},{"damage":10,"enemies":"Time Eater","floor":50,"turns":9}],"event_choices":[{"event_name":"Shining Light","player_choice":"Entered Light","floor":3.0,"damage_taken":0.0},{"event_name":"Scrap Ooze","player_choice":"success","floor":5.0,"damage_taken":12.0},{"event_name":"Dead Adventurer","player_choice":"Searched \u00272\u0027 times","floor":14.0,"damage_taken":0.0},{"event_name":"N\u0027loth","player_choice":"Ignored","floor":20.0,"damage_taken":0.0},{"event_name":"Addict","player_choice":"Ignored","floor":30,"damage_taken":0},{"event_name":"The Lab","player_choice":"Got Potions","floor":41,"damage_taken":0},{"event_name":"Mysterious Sphere","player_choice":"Ignore","floor":42,"damage_taken":0}],"boss_relics":[{"not_picked":["Black Star","Eternal Feather"],"picked":"Astrolabe"}],"potions_floor_spawned":[1,7,14,16,18,19,21,28,33,35,39,45,46],"seed_played":"-128242794147511259","ascension_level":0,"is_trial":false}