{"path_per_floor":["M","M","M","?","M","R","$","R","T","?","M","R","E","?","R","B",null,"M","M","M","M","?","R","$","?","T","R","M","$","R","M","R","B",null,"M","?","?","?","M","R","M","?","T","$","?","?","M","M","R"],"character_chosen":"THE_SILENT","items_purchased":["Oddly Smooth Stone","Flechettes"],"gold_per_floor":[116,136,153,153,164,164,13,13,13,13,28,28,54,54,54,156,156,171,190,207,225,225,225,69,69,93,93,112,12,12,29,29,127,127,140,140,140,140,151,151,169,0,75,75,75,75,90,109,109],"floor_reached":50,"campfire_rested":4,"playtime":2523,"current_hp_per_floor":[69,69,66,71,58,58,58,58,72,54,54,80,75,75,75,8,96,84,64,49,38,38,38,38,38,38,66,58,58,58,58,86,52,96,96,96,96,84,74,74,74,74,74,74,74,74,74,74,96],"items_purged":["Strike_G","Strike_G"],"gold":109,"score":417,"play_id":"30451f6d-a290-4331-a19c-fee3a11da3d9","is_prod":false,"is_daily":false,"is_ascension_mode":false,"campfire_upgraded":6,"path_taken":["M","?","M","?","M","R","$","R","T","?","M","R","E","?","R","BOSS","M","M","M","M","?","R","$","?","T","R","M","$","R","M","R","BOSS","M","?","?","?","M","R","M","?","T","?","?","?","M","M","R","BOSS"],"build_version":"2018-02-15-PROD1","purchased_purges":2,"victory":false,"master_deck":["Defend_G","Defend_G","Defend_G","Defend_G","Defend_G","Strike_G+1","Survivor+1","Neutralize+1","Crippling Poison","Predator+1","Escape Plan","Escape Plan","Backflip+1","Die Die Die","Footwork+1","Flechettes+1","After Image","Madness+1","Madness","Footwork+1"],"max_hp_per_floor":[70,70,70,75,75,75,75,75,89,89,89,89,96,96,96,96,96,96,96,96,96,96,96,96,96,96,96,96,96,96,96,96,96,96,96,96,96,96,96,96,96,96,96,96,96,96,96,96,96],"relics":["Ring of the Snake","Oddly Smooth Stone","Mango","Strawberry","Runic Pyramid","Juzu Bracelet","Sozu","Red Mask","Gremlin Horn"],"card_choices":[{"not_picked":["Underhanded Strike","Bane"],"picked":"Predator"},{"not_picked":["Prepared","PiercingWail"],"picked":"Escape Plan"},{"not_picked":["Acrobatics","Dodge and Roll"],"picked":"Escape Plan"},{"not_picked":["Riddle With Holes","Dagger Throw"],"picked":"Escape Plan"},{"not_picked":["Slice","Prepared"],"picked":"Backflip"},{"not_picked":["Night Terror","Phantasmal Killer"],"picked":"Die Die Die"},{"not_picked":["Doppelganger","Wraith Form"],"picked":"After Image"}],"player_experience":1230262,"potions_floor_usage":[16,18,20],"damage_taken":[{"damage":1,"enemies":"Cultist","floor":1,"turns":6},{"damage":0,"enemies":"2 Louse","floor":2,"turns":2},{"damage":3,"enemies":"Jaw Worm","floor":3,"turns":4},{"damage":13,"enemies":"Exordium Thugs","floor":5,"turns":6},{"damage":0,"enemies":"3 Louse","floor":11,"turns":3},{"damage":12,"enemies":"3 Sentries","floor":13,"turns":7},{"damage":67,"enemies":"Hexaghost","floor":16,"turns":16},{"damage":12,"enemies":"Chosen","floor":18,"turns":4},{"damage":20,"enemies":"2 Thieves","floor":19,"turns":4},{"damage":15,"enemies":"Snecko","floor":20,"turns":9},{"damage":11,"enemies":"Snake Plant","floor":21,"turns":6},{"damage":8,"enemies":"Cultist and Chosen","floor":28,"turns":6},{"damage":0,"enemies":"Chosen and Byrds","floor":31,"turns":5},{"damage":34,"enemies":"Champ","floor":33,"turns":16},{"damage":0,"enemies":"Orb Walker","floor":35,"turns":3},{"damage":10,"enemies":"3 Darklings","floor":39,"turns":5},{"damage":0,"enemies":"4 Shapes","floor":41,"turns":6},{"damage":0,"enemies":"Sphere and 2 Shapes","floor":47,"turns":5},{"damage":0,"enemies":"Maw","floor":48,"turns":9},{"damage":70,"enemies":"Donu and Deca","floor":50,"turns":16}],"event_choices":[{"event_name":"Big Fish","player_choice":"Donut","floor":4,"damage_taken":0},{"event_name":"Shining Light","player_choice":"Entered Light","floor":10,"damage_taken":0},{"event_name":"The Woman in Blue","player_choice":"Bought 0 Potions","floor":14,"damage_taken":0},{"event_name":"Transmorgrifier","player_choice":"Transform","floor":22,"damage_taken":0},{"event_name":"Vampires","player_choice":"Ignored","floor":25,"damage_taken":0},{"event_name":"Accursed Blacksmith","player_choice":"Forge","floor":36,"damage_taken":0},{"event_name":"Mysterious Sphere","player_choice":"Ignore","floor":37,"damage_taken":0},{"event_name":"Winding Halls","player_choice":"Embrace Madness","floor":38,"damage_taken":0},{"event_name":"Tomb of Lord Red Mask","player_choice":"Paid","floor":42,"damage_taken":0},{"event_name":"Duplicator","player_choice":"One dupe","floor":46,"damage_taken":0}],"boss_relics":[{"not_picked":["Runic Dome","Eternal Feather"],"picked":"Runic Pyramid"},{"not_picked":["Question Card","Snecko Eye"],"picked":"Sozu"}],"potions_floor_spawned":[3,11,13,16,20,28,31,41,47],"seed_played":"1378371300136185403","killed_by":"Donu and Deca","ascension_level":0,"is_trial":false}