{"path_per_floor":["M","M","M","M","M","E","R","E","T","M","R","M","R","M","R","B",null,"M","M","$","M","$","E","R","M","T","R","E","R","$","M","R","B",null,"M","T","$","M","M","R","?","R","T","R","?","$","M","M","R","B"],"character_chosen":"THE_SILENT","items_purchased":["Predator","Phantasmal Killer","Centennial Puzzle"],"gold_per_floor":[116,134,147,166,183,217,217,252,252,269,269,281,281,294,294,392,392,409,427,283,296,196,231,231,250,250,250,279,279,11,31,31,126,126,137,137,137,147,161,161,161,161,461,461,461,61,78,91,91,91],"floor_reached":51,"campfire_rested":4,"playtime":2181,"current_hp_per_floor":[70,70,70,70,67,47,47,37,37,31,31,31,31,19,40,39,70,70,62,62,62,62,47,47,47,47,47,24,45,45,47,47,23,70,50,50,50,49,36,57,57,57,57,57,57,57,51,53,70,13],"items_purged":["Strike_G","Strike_G","Strike_G","Strike_G"],"gold":91,"score":551,"play_id":"554db9f3-5231-4cab-8305-7d26bf5da78e","is_prod":false,"is_daily":false,"is_ascension_mode":false,"campfire_upgraded":8,"path_taken":["M","M","M","M","M","E","R","E","T","M","R","M","R","M","R","BOSS","M","M","$","M","$","E","R","M","T","R","E","R","$","M","R","BOSS","M","?","$","?","M","R","?","R","T","R","?","$","?","M","R","BOSS"],"build_version":"2018-02-15-PROD1","purchased_purges":4,"victory":true,"master_deck":["Defend_G","Defend_G","Defend_G","Defend_G","Strike_G","Survivor","Neutralize","Unload","Dagger Spray","Sucker Punch+1","Predator+1","Noxious Fumes+1","Terror+1","PiercingWail","Dash+1","Dash+1","Footwork","Predator+1","Phantasmal Killer","Bullet Time","Dash+1","Predator+1","Bouncing Flask+1"],"max_hp_per_floor":[70,70,70,70,70,70,70,70,70,70,70,70,70,70,70,70,70,70,70,70,70,70,70,70,70,70,70,70,70,70,70,70,70,70,70,70,70,70,70,70,70,70,70,70,70,70,70,70,70,70],"relics":["Ring of the Snake","Bottled Lightning","Happy Flower","Ornamental Fan","Snecko Eye","Du-Vu Doll","Unceasing Top","Blood Vial","Sozu","Old Coin","Centennial Puzzle"],"card_choices":[{"not_picked":["Underhanded Strike","Skewer"],"picked":"Dagger Spray"},{"not_picked":["Underhanded Strike","Deadly Poison"],"picked":"Sucker Punch"},{"not_picked":["Acrobatics","Reflex"],"picked":"Predator"},{"not_picked":["Underhanded Strike","Acrobatics"],"picked":"Noxious Fumes"},{"not_picked":["Dodge and Roll","Prepared"],"picked":"Terror"},{"not_picked":["Slice","Deadly Poison"],"picked":"PiercingWail"},{"not_picked":["Outmaneuver","Calculated Gamble"],"picked":"Dash"},{"not_picked":["Dodge and Roll","Outmaneuver"],"picked":"Dash"},{"not_picked":["Dagger Spray","Deflect"],"picked":"Footwork"},{"not_picked":["Tools of the Trade","Venomology"],"picked":"Bullet Time"},{"not_picked":["Crippling Poison","Deflect"],"picked":"Dash"},{"not_picked":["Backstab","Flechettes"],"picked":"Predator"},{"not_picked":["Finisher","Deadly Poison"],"picked":"Bouncing Flask"}],"player_experience":1301555,"potions_floor_usage":[6,8,16,21,23,28,33],"damage_taken":[{"damage":0,"enemies":"Cultist","floor":1,"turns":3},{"damage":0,"enemies":"Small Slimes","floor":2,"turns":3},{"damage":0,"enemies":"2 Louse","floor":3,"turns":3},{"damage":0,"enemies":"Large Slime","floor":4,"turns":5},{"damage":3,"enemies":"Lots of Slimes","floor":5,"turns":4},{"damage":20,"enemies":"Lagavulin","floor":6,"turns":7},{"damage":10,"enemies":"Gremlin Nob","floor":8,"turns":3},{"damage":6,"enemies":"Exordium Wildlife","floor":10,"turns":4},{"damage":0,"enemies":"Looter","floor":12,"turns":2},{"damage":12,"enemies":"Exordium Thugs","floor":14,"turns":3},{"damage":1,"enemies":"Hexaghost","floor":16,"turns":7},{"damage":0,"enemies":"2 Thieves","floor":18,"turns":4},{"damage":8,"enemies":"Chosen","floor":19,"turns":4},{"damage":0,"enemies":"Sentry and Sphere","floor":21,"turns":5},{"damage":15,"enemies":"Slavers","floor":23,"turns":5},{"damage":0,"enemies":"Snake Plant","floor":25,"turns":3},{"damage":23,"enemies":"Gremlin Leader","floor":28,"turns":8},{"damage":0,"enemies":"Cultist and Chosen","floor":31,"turns":6},{"damage":26,"enemies":"Champ","floor":33,"turns":10},{"damage":20,"enemies":"Orb Walker","floor":35,"turns":4},{"damage":3,"enemies":"3 Darklings","floor":38,"turns":5},{"damage":15,"enemies":"Maw","floor":39,"turns":6},{"damage":8,"enemies":"Sphere and 2 Shapes","floor":47,"turns":5},{"damage":0,"enemies":"3 Darklings","floor":48,"turns":4},{"damage":57,"enemies":"Time Eater","floor":50,"turns":10}],"event_choices":[{"event_name":"Mysterious Sphere","player_choice":"Ignore","floor":45,"damage_taken":0}],"boss_relics":[{"not_picked":["White Beast Statue","Cursed Key"],"picked":"Snecko Eye"},{"not_picked":["Eternal Feather","Velvet Choker"],"picked":"Sozu"}],"potions_floor_spawned":[2,6,8,10,14,19,25,28,33,38,39,48],"seed_played":"3034142561761599965","ascension_level":0,"is_trial":false}