{"path_per_floor":["M","?","M","?","$","R","E","M","T","M","R","?","R","M","R","B",null,"M","$","M","?","?","R","E","M","T","?","R","M","R","$","R","B",null,"M","?","?","?","M","R","M","R","T","?","M","M","$","M","R","B"],"character_chosen":"THE_SILENT","items_purchased":["Well Laid Plans","Backflip"],"gold_per_floor":[218,218,231,181,26,26,57,77,102,113,113,113,113,131,131,229,229,246,146,156,156,156,156,189,202,202,202,202,222,222,97,97,193,193,208,208,208,208,224,224,238,238,317,317,327,339,163,177,177,177],"floor_reached":51,"campfire_rested":2,"playtime":2076,"current_hp_per_floor":[65,58,58,58,58,58,43,39,39,39,39,44,44,46,46,42,77,76,76,73,73,89,89,71,67,67,67,67,67,67,67,95,79,97,99,99,99,87,89,89,86,86,86,86,88,88,88,90,107,107],"items_purged":["Strike_G","Strike_G","Writhe","Poisoned Stab"],"gold":177,"score":615,"play_id":"daf556e3-ad9c-4c73-80dc-9ae26da3988c","is_prod":false,"is_daily":false,"is_ascension_mode":false,"campfire_upgraded":9,"path_taken":["M","?","?","?","$","R","E","M","T","M","R","?","R","M","R","BOSS","M","$","M","?","?","R","E","M","T","?","R","M","R","$","R","BOSS","M","?","?","?","?","R","M","R","T","?","?","M","$","M","R","BOSS"],"build_version":"2018-02-22-PROD2","purchased_purges":6,"victory":true,"master_deck":["Defend_G+1","Defend_G+1","Defend_G+1","Defend_G+1","Survivor+1","Neutralize+1","Well Laid Plans+1","Noxious Fumes+1","Deflect+1","Noxious Fumes+1","Backstab+1","Blur+1","Leg Sweep+1","Burst+1","Well Laid Plans+1","Madness+1","Madness+1","Backflip+1","Acrobatics","Backflip"],"max_hp_per_floor":[70,70,70,70,70,70,70,70,70,70,70,75,75,77,77,77,77,77,77,79,79,89,89,91,93,93,93,93,93,93,93,95,97,97,99,99,99,99,101,101,101,101,101,101,103,103,103,105,107,107],"relics":["Ring of the Snake","Dream Catcher","Toolbox","Singing Bowl","Runic Dome","Bag of Marbles","Bottled Tornado","Ancient Tea Set","Astrolabe","Bottled Flame"],"card_choices":[{"not_picked":["Eviscerate","Dodge and Roll"],"picked":"Poisoned Stab"},{"not_picked":["Expertise","Underhanded Strike"],"picked":"Poisoned Stab"},{"not_picked":["Crippling Poison","Slice"],"picked":"Noxious Fumes"},{"not_picked":["Poisoned Stab","Expertise"],"picked":"Deflect"},{"not_picked":["Underhanded Strike","Night Terror"],"picked":"Noxious Fumes"},{"not_picked":["Unload","Wraith Form"],"picked":"Glass Knife"},{"not_picked":["Dagger Spray","Poisoned Stab"],"picked":"Backstab"},{"not_picked":["Distraction","Malaise"],"picked":"Blur"},{"not_picked":["Acrobatics","Quick Slash"],"picked":"Backflip"},{"not_picked":["Flying Knee","Underhanded Strike"],"picked":"Acrobatics"}],"player_experience":1407427,"potions_floor_usage":[10,24,33,50],"damage_taken":[{"damage":5,"enemies":"Jaw Worm","floor":1,"turns":4},{"damage":0,"enemies":"Cultist","floor":3,"turns":3},{"damage":15,"enemies":"Lagavulin","floor":7,"turns":7},{"damage":4,"enemies":"Small Slimes","floor":8,"turns":4},{"damage":0,"enemies":"Exordium Thugs","floor":10,"turns":6},{"damage":0,"enemies":"Looter","floor":14,"turns":3},{"damage":4,"enemies":"Hexaghost","floor":16,"turns":8},{"damage":1,"enemies":"3 Byrds","floor":18,"turns":3},{"damage":5,"enemies":"Spheric Guardian","floor":20,"turns":4},{"damage":20,"enemies":"Slavers","floor":24,"turns":6},{"damage":6,"enemies":"Slaver and Parasite","floor":25,"turns":5},{"damage":4,"enemies":"3 Cultists","floor":29,"turns":6},{"damage":18,"enemies":"Champ","floor":33,"turns":12},{"damage":0,"enemies":"3 Shapes","floor":35,"turns":5},{"damage":0,"enemies":"3 Darklings","floor":39,"turns":6},{"damage":3,"enemies":"Sphere and 2 Shapes","floor":41,"turns":6},{"damage":0,"enemies":"Maw","floor":45,"turns":10},{"damage":0,"enemies":"4 Shapes","floor":46,"turns":6},{"damage":0,"enemies":"Sphere and 2 Shapes","floor":48,"turns":5},{"damage":0,"enemies":"Time Eater","floor":50,"turns":19}],"event_choices":[{"event_name":"Scrap Ooze","player_choice":"success","floor":2,"damage_taken":7},{"event_name":"The Cleric","player_choice":"Card Removal","floor":4,"damage_taken":0},{"event_name":"Big Fish","player_choice":"Donut","floor":12,"damage_taken":0},{"event_name":"Back to Basics","player_choice":"Simplicity","floor":21,"damage_taken":0},{"event_name":"Bonfire Elementals","player_choice":"RARE","floor":22,"damage_taken":0},{"event_name":"The Mausoleum","player_choice":"Yes","floor":27,"damage_taken":0},{"event_name":"Tomb of Lord Red Mask","player_choice":"Ignored","floor":36,"damage_taken":0},{"event_name":"Winding Halls","player_choice":"Embrace Madness","floor":38,"damage_taken":0},{"event_name":"Mysterious Sphere","player_choice":"Ignore","floor":44,"damage_taken":0}],"boss_relics":[{"not_picked":["Eternal Feather","Orrery"],"picked":"Runic Dome"},{"not_picked":["Velvet Choker","The Specimen"],"picked":"Astrolabe"}],"potions_floor_spawned":[1,8,10,16,24,25,35,39,45],"seed_played":"1427597594246725439","ascension_level":0,"is_trial":false}