{"path_per_floor":["M","?","M","?","M","E","R","M","T","?","$","R","$","M","R","B",null,"M","?","?","M","M","R","M","E","T","?","R","$","R","?","R","B",null,"M","?","$","M","?","R","?","R","T","M","M","M","?","M","R","B"],"character_chosen":"THE_SILENT","items_purchased":["Mummified Hand","Singing Bowl","Infinite Blades"],"gold_per_floor":[119,119,131,131,148,173,173,187,187,262,15,15,15,29,29,129,129,141,141,141,156,176,176,196,230,284,284,284,59,59,59,59,163,163,181,181,106,124,178,178,0,0,26,46,66,77,77,89,89,89],"floor_reached":51,"campfire_rested":2,"playtime":2098,"current_hp_per_floor":[59,59,59,59,59,46,46,46,46,35,35,56,56,45,45,30,70,70,70,70,70,70,70,69,67,67,67,67,67,67,67,67,27,72,72,63,63,59,61,61,61,61,61,60,62,66,66,70,80,53],"items_purged":["Strike_G"],"gold":89,"score":540,"play_id":"7a1d634c-3216-4622-aa6c-56aa919e0ab8","is_prod":false,"is_daily":false,"is_ascension_mode":false,"campfire_upgraded":8,"path_taken":["M","?","M","?","M","E","R","?","T","?","$","R","?","M","R","BOSS","M","?","?","M","M","R","?","E","T","?","R","$","R","?","R","BOSS","M","?","$","M","?","R","?","R","T","M","M","?","?","M","R","BOSS"],"build_version":"2018-02-15-PROD1","purchased_purges":1,"victory":true,"master_deck":["Defend_G+1","Defend_G+1","Defend_G+1","Defend_G+1","Defend_G+1","Strike_G+1","Strike_G+1","Strike_G+1","Strike_G+1","Neutralize+1","Dagger Throw+1","Dark Shackles+1","Phantasmal Killer+1","Terror+1","Backflip+1","Flying Knee+1","PiercingWail+1","Glass Knife+1","Dash+1","Madness+1","Madness","Backflip+1","Quick Slash+1"],"max_hp_per_floor":[70,70,70,70,70,70,70,70,70,70,70,70,70,70,70,70,70,70,70,70,70,70,70,70,70,70,70,70,70,70,70,70,72,72,72,72,72,74,76,76,76,76,76,76,76,78,78,80,80,80],"relics":["Ring of the Snake","Omamori","Bag of Marbles","Frozen Egg 2","Mummified Hand","Cursed Key","Mercury Hourglass","Blood Vial","Singing Bowl","Lizard Tail","Sundial","Red Mask","Art of War"],"card_choices":[{"not_picked":["Bane","Calculated Gamble"],"picked":"Dagger Throw"},{"not_picked":["Prepared","Backflip"],"picked":"Terror"},{"not_picked":["Quick Slash","Blade Dance"],"picked":"Backflip"},{"not_picked":["Deflect","Blade Dance"],"picked":"Flying Knee"},{"not_picked":["Accuracy","All Out Attack"],"picked":"PiercingWail"},{"not_picked":["Dagger Spray","Flying Knee"],"picked":"Dash"},{"not_picked":["Dodge and Roll","Deadly Poison"],"picked":"Backflip"},{"not_picked":["Deflect","Crippling Poison"],"picked":"Quick Slash"}],"player_experience":1288758,"potions_floor_usage":[6,25,33,39,45,50,50,50],"damage_taken":[{"damage":11,"enemies":"Jaw Worm","floor":1,"turns":4},{"damage":0,"enemies":"Cultist","floor":3,"turns":2},{"damage":0,"enemies":"2 Louse","floor":5,"turns":3},{"damage":13,"enemies":"3 Sentries","floor":6,"turns":9},{"damage":0,"enemies":"Lots of Slimes","floor":8,"turns":4},{"damage":11,"enemies":"Gremlin Gang","floor":14,"turns":6},{"damage":15,"enemies":"Hexaghost","floor":16,"turns":13},{"damage":0,"enemies":"Shell Parasite","floor":18,"turns":3},{"damage":0,"enemies":"Spheric Guardian","floor":21,"turns":3},{"damage":0,"enemies":"Snake Plant","floor":22,"turns":3},{"damage":1,"enemies":"Centurion and Healer","floor":24,"turns":4},{"damage":2,"enemies":"Slavers","floor":25,"turns":4},{"damage":44,"enemies":"Automaton","floor":33,"turns":7},{"damage":0,"enemies":"Orb Walker","floor":35,"turns":2},{"damage":8,"enemies":"3 Shapes","floor":38,"turns":4},{"damage":11,"enemies":"Mysterious Sphere","floor":39,"turns":5},{"damage":3,"enemies":"3 Darklings","floor":44,"turns":5},{"damage":0,"enemies":"Maw","floor":45,"turns":6},{"damage":0,"enemies":"4 Shapes","floor":46,"turns":4},{"damage":0,"enemies":"Sphere and 2 Shapes","floor":48,"turns":6},{"damage":27,"enemies":"Awakened One","floor":50,"turns":18}],"event_choices":[{"event_name":"Match and Keep!","player_choice":"2 cards matched","floor":2,"damage_taken":0},{"event_name":"Living Wall","player_choice":"Grow","floor":4,"damage_taken":0},{"event_name":"World of Goop","player_choice":"Gather Gold","floor":10,"damage_taken":0},{"event_name":"Back to Basics","player_choice":"Simplicity","floor":19,"damage_taken":0},{"event_name":"Vampires","player_choice":"Ignored","floor":20,"damage_taken":0},{"event_name":"Purifier","player_choice":"One Purge","floor":27,"damage_taken":0},{"event_name":"The Library","player_choice":"Read","floor":31,"damage_taken":0},{"event_name":"Winding Halls","player_choice":"Embrace Madness","floor":36,"damage_taken":0},{"event_name":"Mysterious Sphere","player_choice":"Fight","floor":39,"damage_taken":0},{"event_name":"Tomb of Lord Red Mask","player_choice":"Paid","floor":41,"damage_taken":0}],"boss_relics":[{"not_picked":["Orrery","Philosopher\u0027s Stone"],"picked":"Cursed Key"},{"not_picked":["Pandora\u0027s Box","Runic Pyramid"],"picked":"Lizard Tail"}],"potions_floor_spawned":[3,5,6,18,22,25,33,39,45],"seed_played":"-5117372410040405640","ascension_level":0,"is_trial":false}