{"path_per_floor":["M","?","M","?","$","R","$","E","T","$","R","M","E","M","R","B",null,"M","M","M","M","M","R","E","R","T","R","M","M","M","$","R","B",null,"M","M","M","T","$","R","M","$","T","R","$","M","?","?","R","B"],"character_chosen":"THE_SILENT","items_purchased":["Vajra","Footwork","Singing Bowl","Footwork","Backflip","Dexterity Potion"],"gold_per_floor":[145,145,155,155,11,11,11,46,130,58,58,78,111,121,121,217,217,230,242,252,262,279,279,305,305,305,305,319,334,352,120,120,225,225,236,254,266,266,166,166,184,144,144,144,44,58,58,58,58,58],"floor_reached":51,"campfire_rested":3,"playtime":2536,"current_hp_per_floor":[75,68,68,53,53,53,53,50,50,50,50,50,42,42,42,39,75,75,75,61,61,59,59,54,54,54,75,66,60,57,57,57,25,72,72,72,64,64,64,64,37,37,37,59,59,59,59,59,74,53],"items_purged":["Parasite","Doubt"],"gold":58,"score":529,"play_id":"4b6e9275-52a6-4f03-b77a-5591e1232e44","is_prod":false,"is_daily":false,"is_ascension_mode":false,"campfire_upgraded":7,"path_taken":["M","?","M","?","?","R","$","E","T","$","R","?","E","M","R","BOSS","M","M","M","M","M","R","E","R","T","R","M","M","M","$","R","BOSS","M","M","M","?","?","R","M","$","T","R","$","?","?","?","R","BOSS"],"build_version":"2018-02-15-PROD1","purchased_purges":2,"victory":true,"master_deck":["Defend_G","Defend_G","Defend_G","Defend_G","Defend_G","Strike_G","Strike_G+1","Strike_G+1","Strike_G","Survivor+1","Neutralize+1","Blade Dance+1","Flying Knee+1","Footwork+1","Endless Agony","After Image","Footwork+1","Acrobatics+1","Quick Slash+1","Cloak And Dagger+1","Sucker Punch+1","Choke+1","Calculated Gamble+1","A Thousand Cuts+1","Dodge and Roll+1","Escape Plan","Dodge and Roll+1","Footwork","Clumsy","Backflip","Infinite Blades+1","Cloak And Dagger+1"],"max_hp_per_floor":[75,75,75,75,75,75,75,75,75,75,75,75,75,75,75,75,75,75,75,75,75,75,75,75,75,75,75,75,75,75,72,72,72,72,72,72,74,74,74,74,74,74,74,74,74,74,74,74,74,74],"relics":["Tiny House","Vajra","Bottled Flame","Tiny Chest","Meat on the Bone","Cursed Key","Letter Opener","Unceasing Top","Singing Bowl","Philosopher\u0027s Stone","Bronze Scales","Thread and Needle"],"card_choices":[{"not_picked":["Acrobatics","Finisher"],"picked":"Blade Dance"},{"not_picked":["Deadly Poison","Poisoned Stab"],"picked":"Flying Knee"},{"not_picked":["Choke","Malaise"],"picked":"Endless Agony"},{"not_picked":["Wraith Form","Grand Finale"],"picked":"After Image"},{"not_picked":["Deadly Poison","Infinite Blades"],"picked":"Footwork"},{"not_picked":["Flying Knee","Blade Dance"],"picked":"Acrobatics"},{"not_picked":["Distraction","Finisher"],"picked":"Quick Slash"},{"not_picked":["Backstab","Dagger Spray"],"picked":"Cloak And Dagger"},{"not_picked":["Prepared","Deflect"],"picked":"Sucker Punch"},{"not_picked":["Outmaneuver","Unload"],"picked":"Choke"},{"not_picked":["Sucker Punch","Prepared"],"picked":"Calculated Gamble"},{"not_picked":["Envenom","After Image"],"picked":"A Thousand Cuts"},{"not_picked":["Bane","Deflect"],"picked":"Dodge and Roll"},{"not_picked":["Skewer","Concentrate"],"picked":"Escape Plan"},{"not_picked":["Masterful Stab","Slice"],"picked":"Dodge and Roll"},{"not_picked":["Dodge and Roll","Dagger Spray"],"picked":"Infinite Blades"}],"player_experience":1265711,"potions_floor_usage":[8,13,24,33,33,50,50,50],"damage_taken":[{"damage":0,"enemies":"2 Louse","floor":1,"turns":3},{"damage":0,"enemies":"Small Slimes","floor":3,"turns":4},{"damage":3,"enemies":"Lagavulin","floor":8,"turns":5},{"damage":0,"enemies":"Cultist","floor":12,"turns":3},{"damage":8,"enemies":"3 Sentries","floor":13,"turns":7},{"damage":0,"enemies":"Blue Slaver","floor":14,"turns":3},{"damage":15,"enemies":"The Guardian","floor":16,"turns":15},{"damage":0,"enemies":"Spheric Guardian","floor":18,"turns":4},{"damage":0,"enemies":"Chosen","floor":19,"turns":6},{"damage":14,"enemies":"Sentry and Sphere","floor":20,"turns":8},{"damage":0,"enemies":"Centurion and Healer","floor":21,"turns":6},{"damage":2,"enemies":"Snake Plant","floor":22,"turns":6},{"damage":5,"enemies":"Book of Stabbing","floor":24,"turns":5},{"damage":9,"enemies":"Chosen and Byrds","floor":28,"turns":7},{"damage":6,"enemies":"Centurion and Healer","floor":29,"turns":5},{"damage":3,"enemies":"3 Cultists","floor":30,"turns":5},{"damage":44,"enemies":"Champ","floor":33,"turns":12},{"damage":0,"enemies":"Orb Walker","floor":35,"turns":3},{"damage":0,"enemies":"3 Shapes","floor":36,"turns":4},{"damage":10,"enemies":"Maw","floor":37,"turns":8},{"damage":39,"enemies":"4 Shapes","floor":41,"turns":4},{"damage":0,"enemies":"3 Darklings","floor":46,"turns":6},{"damage":21,"enemies":"Donu and Deca","floor":50,"turns":9}],"event_choices":[{"event_name":"Golden Wing","player_choice":"Card Removal","floor":2,"damage_taken":0},{"event_name":"Shining Light","player_choice":"Entered Light","floor":4,"damage_taken":0},{"event_name":"Mysterious Sphere","player_choice":"Ignore","floor":47,"damage_taken":0},{"event_name":"Duplicator","player_choice":"One dupe","floor":48,"damage_taken":0}],"boss_relics":[{"not_picked":["Calling Bell","Runic Pyramid"],"picked":"Cursed Key"},{"not_picked":["Orrery","Velvet Choker"],"picked":"Philosopher\u0027s Stone"}],"potions_floor_spawned":[3,16,22,24,29,33,36,37,46],"seed_played":"-6001232673898763804","ascension_level":0,"is_trial":false}