{"path_per_floor":["M","?","M","M","M","E","?","R","T","M","?","T","R","M","R","B",null,"M","M","M","M","M","R","?","R","T","?","$","M","$","T","R","B",null,"M","?","?","?","$","R","?","R","T","M","M","T","R","M","R","B"],"character_chosen":"THE_SILENT","items_purchased":["Mummified Hand","Catalyst","Bag of Preparation"],"gold_per_floor":[116,191,205,219,236,261,261,261,285,304,304,329,329,343,343,439,439,451,461,480,492,511,511,426,426,450,650,320,330,191,191,191,293,293,313,313,313,313,35,35,0,0,0,17,31,113,113,127,127,127],"floor_reached":51,"campfire_rested":0,"playtime":2460,"current_hp_per_floor":[70,59,59,59,56,50,55,55,55,57,57,57,57,57,57,43,77,77,76,78,23,29,29,29,29,29,29,29,43,43,43,43,42,83,85,85,85,74,74,74,74,74,74,74,73,83,83,85,85,85],"items_purged":["Strike_G","Strike_G","Defend_G"],"gold":127,"score":622,"play_id":"32536c66-05f7-4008-97c3-fc32e898d656","is_prod":false,"is_daily":false,"is_ascension_mode":false,"campfire_upgraded":8,"path_taken":["M","?","?","M","M","E","?","R","T","M","?","?","R","?","R","BOSS","M","M","M","M","M","R","?","R","T","?","$","M","?","?","R","BOSS","M","?","?","?","$","R","?","R","T","?","?","?","R","?","R","BOSS"],"build_version":"2018-02-22-PROD2","purchased_purges":3,"victory":true,"master_deck":["Defend_G","Defend_G","Defend_G","Survivor","Neutralize+1","Venomology+1","Poisoned Stab","Deadly Poison+1","Poisoned Stab","Backflip+1","Well Laid Plans+1","Venomology+1","Backflip+1","Acrobatics+1","Concentrate+1","Catalyst+1","Corpse Explosion+1","Madness","Madness","Backflip","Eviscerate+1"],"max_hp_per_floor":[70,70,70,70,70,70,75,75,75,77,77,77,77,77,77,77,77,77,79,81,83,83,83,83,83,83,83,83,83,83,83,83,83,83,85,85,85,85,85,85,85,85,85,85,85,95,95,97,97,97],"relics":["Ring of the Snake","Ancient Tea Set","Singing Bowl","Vajra","Orichalcum","Lizard Tail","Peace Pipe","Bronze Scales","Mummified Hand","Torii","Philosopher\u0027s Stone","Bag of Preparation","Red Mask","Regal Pillow","Pear"],"card_choices":[{"not_picked":["Prepared","Sucker Punch"],"picked":"Venomology"},{"not_picked":["Outmaneuver","Dodge and Roll"],"picked":"Poisoned Stab"},{"not_picked":["Caltrops","Masterful Stab"],"picked":"Deadly Poison"},{"not_picked":["Heel Hook","Dagger Spray"],"picked":"Poisoned Stab"},{"not_picked":["Storm of Steel","Dagger Spray"],"picked":"Backflip"},{"not_picked":["Deflect","Expertise"],"picked":"Well Laid Plans"},{"not_picked":["Envenom","Bullet Time"],"picked":"Venomology"},{"not_picked":["Underhanded Strike","Sucker Punch"],"picked":"Backflip"},{"not_picked":["Flying Knee","Predator"],"picked":"Acrobatics"},{"not_picked":["Bane","Crippling Poison"],"picked":"Concentrate"},{"not_picked":["Grand Finale","Die Die Die"],"picked":"Corpse Explosion"},{"not_picked":["Acrobatics","Cloak And Dagger"],"picked":"Backflip"},{"not_picked":["Blade Dance","PiercingWail"],"picked":"Eviscerate"}],"player_experience":1390879,"potions_floor_usage":[4,5,6,6,16,16,18,18,18,19,20,20,20,21,22,22,22,22,29,29,33,33,35,35,44,45,45,48,48,50,50,50,50,50],"damage_taken":[{"damage":0,"enemies":"2 Louse","floor":1,"turns":3},{"damage":0,"enemies":"Small Slimes","floor":3,"turns":4},{"damage":0,"enemies":"Cultist","floor":4,"turns":4},{"damage":3,"enemies":"Gremlin Gang","floor":5,"turns":4},{"damage":6,"enemies":"Lagavulin","floor":6,"turns":7},{"damage":0,"enemies":"Blue Slaver","floor":10,"turns":3},{"damage":0,"enemies":"3 Louse","floor":14,"turns":2},{"damage":14,"enemies":"Hexaghost","floor":16,"turns":7},{"damage":0,"enemies":"Shell Parasite","floor":18,"turns":7},{"damage":3,"enemies":"3 Byrds","floor":19,"turns":7},{"damage":0,"enemies":"Centurion and Healer","floor":20,"turns":9},{"damage":72,"enemies":"3 Cultists","floor":21,"turns":8},{"damage":9,"enemies":"Sentry and Sphere","floor":22,"turns":9},{"damage":1,"enemies":"Chosen and Byrds","floor":29,"turns":7},{"damage":1,"enemies":"Champ","floor":33,"turns":10},{"damage":0,"enemies":"3 Darklings","floor":35,"turns":1},{"damage":0,"enemies":"Orb Walker","floor":44,"turns":2},{"damage":1,"enemies":"4 Shapes","floor":45,"turns":2},{"damage":0,"enemies":"3 Darklings","floor":48,"turns":2},{"damage":0,"enemies":"Awakened One","floor":50,"turns":10}],"event_choices":[{"event_name":"World of Goop","player_choice":"Gather Gold","floor":2,"damage_taken":0},{"event_name":"Big Fish","player_choice":"Donut","floor":7,"damage_taken":0},{"event_name":"Accursed Blacksmith","player_choice":"Forge","floor":11,"damage_taken":0},{"event_name":"Addict","player_choice":"Obtained Relic","floor":24,"damage_taken":0},{"event_name":"Wheel of Change","player_choice":"Gold","floor":27,"damage_taken":0},{"event_name":"Purifier","player_choice":"One Purge","floor":37,"damage_taken":0},{"event_name":"Winding Halls","player_choice":"Embrace Madness","floor":38,"damage_taken":0},{"event_name":"Tomb of Lord Red Mask","player_choice":"Paid","floor":41,"damage_taken":0}],"boss_relics":[{"not_picked":["Calling Bell","Black Star"],"picked":"Lizard Tail"},{"not_picked":["Sozu","White Beast Statue"],"picked":"Philosopher\u0027s Stone"}],"potions_floor_spawned":[1,3,10,16,21,29,33,45],"seed_played":"-2855741612858532900","ascension_level":0,"is_trial":false}