{"path_per_floor":["M","?","$","M","T","R","E","M","T","?","M","$","R","M","R","B",null,"M","M","?","M","$","R","M","R","T","R","M","M","R","M","R","B",null,"M","T","M","M","M","R","E","R","T","R","?","$","?","M","R","B"],"character_chosen":"THE_SILENT","items_purchased":["Backflip","War Paint","Finesse","Secret Technique"],"gold_per_floor":[113,63,63,82,107,107,142,155,155,155,168,67,67,91,91,215,215,238,251,251,266,15,15,36,36,84,84,105,128,128,147,147,266,266,285,285,310,324,342,342,383,383,435,435,435,29,362,379,379,379],"floor_reached":51,"campfire_rested":0,"playtime":1969,"current_hp_per_floor":[77,77,77,77,77,77,56,58,58,39,41,41,41,43,43,43,77,77,66,66,64,64,64,72,72,72,72,68,75,75,76,76,77,79,79,79,81,70,66,66,74,74,74,74,74,74,74,82,82,69],"items_purged":["Strike_G","Defend_G","Bite"],"gold":379,"score":580,"play_id":"0b994842-a074-4e5d-8398-d992bd7d5bb6","local_time":"20180306165537","is_prod":false,"is_daily":false,"is_ascension_mode":false,"campfire_upgraded":12,"timestamp":1520351737,"path_taken":["M","?","?","M","?","R","E","?","T","?","M","$","R","M","R","BOSS","M","M","?","?","$","R","M","R","T","R","M","M","R","M","R","BOSS","M","?","M","?","M","R","E","R","T","R","?","$","?","M","R","BOSS"],"build_version":"2018-03-01-PROD1","purchased_purges":3,"victory":true,"master_deck":["Defend_G","Defend_G","Defend_G+1","Defend_G","Survivor","Neutralize+1","Flying Knee","Sucker Punch+1","Backflip+1","Deflect","Predator+1","Backflip+1","Phantasmal Killer+1","Outmaneuver+1","Flying Knee","Bite+1","Bite+1","Bite+1","Bite","Skewer+1","Backstab","Outmaneuver+1","Adrenaline+1","Outmaneuver+1","Backflip+1","Escape Plan","Finesse","Secret Technique+1","Well Laid Plans+1"],"max_hp_per_floor":[77,77,77,77,77,77,77,77,77,77,77,77,77,77,77,77,77,77,77,77,77,77,77,77,77,77,77,77,77,77,79,79,79,79,79,79,81,81,83,83,83,83,83,83,83,83,83,83,83,83],"relics":["Ring of the Snake","Pen Nib","Ice Cream","Sozu","War Paint","Singing Bowl","Unceasing Top","Meat on the Bone","Regal Pillow"],"card_choices":[{"not_picked":["Backflip","Quick Slash"],"picked":"Flying Knee"},{"not_picked":["Masterful Stab","Deadly Poison"],"picked":"Sucker Punch"},{"not_picked":["Endless Agony","Eviscerate"],"picked":"Backflip"},{"not_picked":["Flechettes","All Out Attack"],"picked":"Deflect"},{"not_picked":["Underhanded Strike","Cloak And Dagger"],"picked":"Predator"},{"not_picked":["Wraith Form","Unload"],"picked":"Phantasmal Killer"},{"not_picked":["Deflect","Deadly Poison"],"picked":"Outmaneuver"},{"not_picked":["All Out Attack","Cloak And Dagger"],"picked":"Flying Knee"},{"not_picked":["Catalyst","Concentrate"],"picked":"Skewer"},{"not_picked":["Cloak And Dagger","Expertise"],"picked":"Backstab"},{"not_picked":["PiercingWail","All Out Attack"],"picked":"Backflip"},{"not_picked":["Sucker Punch","Backflip"],"picked":"Outmaneuver"},{"not_picked":["Tactician","Envenom"],"picked":"Adrenaline"},{"not_picked":["Sucker Punch","Backflip"],"picked":"Outmaneuver"},{"not_picked":["Tactician","Sucker Punch"],"picked":"Backflip"},{"not_picked":["Heel Hook","Terror"],"picked":"Escape Plan"},{"not_picked":["Backstab","Prepared"],"picked":"Well Laid Plans"}],"player_experience":1462462,"potions_floor_usage":[14,41,41,50],"damage_taken":[{"damage":0,"enemies":"Small Slimes","floor":1,"turns":4},{"damage":0,"enemies":"2 Louse","floor":4,"turns":3},{"damage":21,"enemies":"Gremlin Nob","floor":7,"turns":6},{"damage":0,"enemies":"Jaw Worm","floor":8,"turns":3},{"damage":0,"enemies":"Blue Slaver","floor":11,"turns":4},{"damage":0,"enemies":"2 Fungi Beasts","floor":14,"turns":2},{"damage":2,"enemies":"The Guardian","floor":16,"turns":13},{"damage":0,"enemies":"Shell Parasite","floor":18,"turns":5},{"damage":11,"enemies":"Spheric Guardian","floor":19,"turns":4},{"damage":24,"enemies":"3 Cultists","floor":21,"turns":7},{"damage":2,"enemies":"Snake Plant","floor":24,"turns":4},{"damage":9,"enemies":"Centurion and Healer","floor":28,"turns":3},{"damage":0,"enemies":"Sentry and Sphere","floor":29,"turns":3},{"damage":3,"enemies":"Snecko","floor":31,"turns":3},{"damage":2,"enemies":"Champ","floor":33,"turns":7},{"damage":0,"enemies":"3 Darklings","floor":35,"turns":5},{"damage":0,"enemies":"Orb Walker","floor":37,"turns":2},{"damage":21,"enemies":"4 Shapes","floor":38,"turns":10},{"damage":12,"enemies":"3 Darklings","floor":39,"turns":4},{"damage":14,"enemies":"2 Orb Walkers","floor":41,"turns":4},{"damage":0,"enemies":"Maw","floor":48,"turns":4},{"damage":46,"enemies":"Awakened One","floor":50,"turns":12}],"event_choices":[{"event_name":"The Cleric","player_choice":"Card Removal","floor":2,"damage_taken":0},{"event_name":"Golden Idol","player_choice":"Take Damage","floor":10,"damage_taken":0},{"event_name":"Vampires","player_choice":"Became a vampire (Vial)","floor":20,"damage_taken":0},{"event_name":"The Moai Head","player_choice":"Gave Idol","floor":47,"damage_taken":0}],"boss_relics":[{"not_picked":["Black Star","Runic Pyramid"],"picked":"Sozu"},{"not_picked":["Calling Bell","Pandora\u0027s Box","Velvet Choker"]}],"potions_floor_spawned":[7,11,14,16,19,28,31,33,38,41,48],"seed_played":"-8129457558862029232","ascension_level":0,"is_trial":false}