{"path_per_floor":["M","M","M","M","$","R","M","R","T","R","M","T","?","$","R","B",null,"M","$","M","M","M","R","M","E","T","M","R","?","R","M","R","B",null,"M","?","?","?","$","R","M","T","T","M","M","R","M","M","R","B"],"character_chosen":"THE_SILENT","items_purchased":["Noxious Fumes","Backflip","PiercingWail","Dark Shackles"],"gold_per_floor":[118,128,147,163,88,88,108,108,108,108,122,122,122,35,35,137,137,149,49,62,76,91,91,103,137,137,147,147,72,72,88,88,192,192,204,304,304,304,43,43,62,62,86,100,120,120,134,152,152,152],"floor_reached":51,"campfire_rested":1,"playtime":2101,"current_hp_per_floor":[68,68,61,59,59,59,59,59,66,66,66,66,59,59,59,59,77,76,76,76,75,74,74,74,67,67,60,60,60,60,52,52,51,77,77,77,77,77,77,77,77,77,77,46,61,79,76,78,78,79],"items_purged":["Strike_G","Strike_G","Strike_G"],"gold":152,"score":763,"play_id":"6397f903-3ccc-493f-bd8a-508080a6c331","local_time":"20180320095600","is_prod":false,"is_daily":false,"is_ascension_mode":false,"campfire_upgraded":10,"timestamp":1521536160,"path_taken":["M","M","M","M","$","R","M","R","T","R","M","?","?","$","R","BOSS","M","$","M","M","M","R","M","E","T","M","R","?","R","?","R","BOSS","M","?","?","?","$","R","M","?","T","M","M","R","M","?","R","BOSS"],"build_version":"2018-03-15v3","purchased_purges":4,"victory":true,"master_deck":["Defend_G","Defend_G","Defend_G","Defend_G","Defend_G+1","Survivor+1","Neutralize+1","Noxious Fumes+1","Deadly Poison+1","Deadly Poison+1","Backflip+1","Noxious Fumes+1","Backflip+1","After Image","Well Laid Plans+1","Backstab","Deflect","Dodge and Roll+1","PiercingWail+1","Blur+1","PiercingWail","Dark Shackles","PiercingWail","Doubt","Regret","Backflip+1","Malaise+1","Acrobatics+1"],"max_hp_per_floor":[70,70,70,70,70,70,70,70,77,77,77,77,77,77,77,77,77,77,77,77,77,77,77,77,77,77,77,77,77,77,77,77,77,77,77,77,77,77,77,77,77,77,77,79,79,79,79,79,79,79],"relics":["Ring of the Snake","Ancient Tea Set","Strawberry","Torii","Cursed Key","Dodecahedron","Sundial","Lizard Tail","Blood Vial","Singing Bowl"],"card_choices":[{"not_picked":["Expertise","Dagger Spray"],"picked":"Noxious Fumes"},{"not_picked":["Deflect","Flying Knee"],"picked":"Deadly Poison"},{"not_picked":["Cloak And Dagger","Dagger Spray"],"picked":"Deadly Poison"},{"not_picked":["Poisoned Stab","Riddle With Holes"],"picked":"Backflip"},{"not_picked":["Bullet Time","Corpse Explosion"],"picked":"After Image"},{"not_picked":["Acrobatics","Bane"],"picked":"Well Laid Plans"},{"not_picked":["Bane","Cloak And Dagger"],"picked":"Backstab"},{"not_picked":["Outmaneuver","Bane"],"picked":"Deflect"},{"not_picked":["Deflect","Glass Knife"],"picked":"Dodge and Roll"},{"not_picked":["Bouncing Flask","Prepared"],"picked":"PiercingWail"},{"not_picked":["Malaise","Infinite Blades"],"picked":"Blur"},{"not_picked":["Quick Slash","Reflex"],"picked":"PiercingWail"},{"not_picked":["Masterful Stab","Sucker Punch"],"picked":"Backflip"},{"not_picked":["Predator","Well Laid Plans"],"picked":"Malaise"},{"not_picked":["Underhanded Strike","Distraction"],"picked":"Acrobatics"}],"player_experience":1555432,"potions_floor_usage":[11,25,27,45,50,50],"damage_taken":[{"damage":2,"enemies":"Cultist","floor":1,"turns":4},{"damage":0,"enemies":"Jaw Worm","floor":2,"turns":6},{"damage":7,"enemies":"Small Slimes","floor":3,"turns":5},{"damage":2,"enemies":"Blue Slaver","floor":4,"turns":5},{"damage":0,"enemies":"3 Louse","floor":7,"turns":4},{"damage":0,"enemies":"Lots of Slimes","floor":11,"turns":1},{"damage":0,"enemies":"Hexaghost","floor":16,"turns":8},{"damage":1,"enemies":"Shell Parasite","floor":18,"turns":5},{"damage":0,"enemies":"3 Byrds","floor":20,"turns":4},{"damage":1,"enemies":"Snake Plant","floor":21,"turns":5},{"damage":1,"enemies":"Centurion and Healer","floor":22,"turns":6},{"damage":0,"enemies":"Snecko","floor":24,"turns":5},{"damage":7,"enemies":"Gremlin Leader","floor":25,"turns":7},{"damage":7,"enemies":"Cultist and Chosen","floor":27,"turns":6},{"damage":8,"enemies":"Slaver and Parasite","floor":31,"turns":6},{"damage":1,"enemies":"Automaton","floor":33,"turns":10},{"damage":0,"enemies":"3 Shapes","floor":35,"turns":6},{"damage":0,"enemies":"Orb Walker","floor":41,"turns":6},{"damage":33,"enemies":"Sphere and 2 Shapes","floor":44,"turns":6},{"damage":2,"enemies":"4 Shapes","floor":45,"turns":6},{"damage":3,"enemies":"Maw","floor":47,"turns":9},{"damage":0,"enemies":"3 Darklings","floor":48,"turns":6},{"damage":0,"enemies":"Donu and Deca","floor":50,"turns":11}],"event_choices":[{"event_name":"Golden Wing","player_choice":"Card Removal","floor":13,"damage_taken":0},{"event_name":"Beggar","player_choice":"Gave Gold","floor":29,"damage_taken":0},{"event_name":"Golden Shrine","player_choice":"Pray","floor":36,"damage_taken":0},{"event_name":"Tomb of Lord Red Mask","player_choice":"Ignored","floor":38,"damage_taken":0}],"boss_relics":[{"not_picked":["Astrolabe","Runic Dome"],"picked":"Cursed Key"},{"not_picked":["Orrery","Tiny House"],"picked":"Lizard Tail"}],"potions_floor_spawned":[1,2,7,21,22,31,44,47],"seed_played":"-8839373575161208951","ascension_level":0,"is_trial":false}