{"path_per_floor":["M","$","?","?","M","R","?","M","T","M","R","M","E","?","R","B",null,"M","?","M","?","?","R","M","R","T","E","R","?","?","M","R","B",null,"M","$","M","M","?","R","E","?","T","M","R","M","R","?","R","B"],"character_chosen":"THE_SILENT","items_purchased":["Mummified Hand"],"gold_per_floor":[110,35,35,35,52,52,2,13,37,50,50,70,103,103,103,204,204,221,171,191,191,116,116,133,133,133,168,168,168,168,179,179,282,282,297,59,76,90,90,90,115,0,54,67,67,80,80,80,80,80],"floor_reached":51,"campfire_rested":1,"playtime":4045,"current_hp_per_floor":[70,70,70,70,70,70,70,70,70,68,68,66,63,68,68,39,75,64,64,64,64,64,64,58,58,58,51,51,51,51,50,50,47,75,68,68,68,67,67,67,65,65,65,62,62,64,64,64,75,75],"items_purged":["Strike_G"],"gold":80,"score":693,"play_id":"b3928800-ade4-4605-8d28-0be0c6255ed3","local_time":"20180323214803","is_prod":false,"is_daily":false,"is_ascension_mode":false,"campfire_upgraded":10,"timestamp":1521838083,"path_taken":["M","$","?","?","M","R","?","M","T","M","R","M","E","?","R","BOSS","M","?","M","?","?","R","M","R","T","E","R","?","?","M","R","BOSS","M","$","M","M","?","R","E","?","T","M","R","M","R","?","R","BOSS"],"build_version":"2018-03-22v2","purchased_purges":2,"victory":true,"master_deck":["Defend_G+1","Defend_G+1","Defend_G+1","Strike_G","Strike_G","Survivor","Neutralize+1","Predator+1","Concentrate+1","Dagger Spray","Acrobatics+1","Underhanded Strike+1","Backstab","After Image","Well Laid Plans+1","Footwork+1","Backstab","Backflip+1","Neutralize+1","Predator+1","Tools of the Trade","Reflex+1","Escape Plan+1","Clumsy"],"max_hp_per_floor":[70,70,70,70,70,70,70,70,70,70,70,70,70,75,75,75,75,75,75,75,75,75,75,75,75,75,75,75,75,75,75,75,75,75,75,75,75,75,75,75,75,75,75,75,75,75,75,75,75,75],"relics":["Ring of the Snake","Juzu Bracelet","War Paint","Sozu","Regal Pillow","Bottled Tornado","Cursed Key","Mummified Hand","Sundial","Red Mask","Blood Vial"],"card_choices":[{"not_picked":["Quick Slash","Dagger Spray"],"picked":"Concentrate","floor":1.0},{"not_picked":["Quick Slash","Dagger Throw"],"picked":"Acrobatics","floor":8.0},{"not_picked":["Slice","Outmaneuver"],"picked":"Underhanded Strike","floor":12.0},{"not_picked":["Quick Slash","Expertise"],"picked":"Backstab","floor":13.0},{"not_picked":["Grand Finale","Glass Knife"],"picked":"After Image","floor":16.0},{"not_picked":["Dagger Spray","Slice"],"picked":"Well Laid Plans","floor":18.0},{"not_picked":["Flechettes","Finisher"],"picked":"Footwork","floor":20.0},{"not_picked":["Slice","Catalyst"],"picked":"Backstab","floor":24.0},{"not_picked":["Dagger Throw","Sucker Punch"],"picked":"Backflip","floor":27.0},{"not_picked":["Reflex","Burst"],"picked":"Predator","floor":31.0},{"not_picked":["Burst","Venomology"],"picked":"Tools of the Trade","floor":33.0},{"not_picked":["Underhanded Strike","Prepared"],"picked":"Reflex","floor":37},{"not_picked":["Acrobatics","Deflect"],"picked":"Escape Plan","floor":41}],"player_experience":1582834,"potions_floor_usage":[41],"damage_taken":[{"damage":0.0,"enemies":"Jaw Worm","floor":1.0,"turns":5.0},{"damage":0.0,"enemies":"Cultist","floor":5.0,"turns":3.0},{"damage":0.0,"enemies":"2 Louse","floor":8.0,"turns":2.0},{"damage":2.0,"enemies":"Looter","floor":10.0,"turns":3.0},{"damage":2.0,"enemies":"Exordium Thugs","floor":12.0,"turns":4.0},{"damage":3.0,"enemies":"3 Sentries","floor":13.0,"turns":6.0},{"damage":29.0,"enemies":"The Guardian","floor":16.0,"turns":14.0},{"damage":11.0,"enemies":"2 Thieves","floor":18.0,"turns":4.0},{"damage":0.0,"enemies":"Shell Parasite","floor":20.0,"turns":5.0},{"damage":6.0,"enemies":"Cultist and Chosen","floor":24.0,"turns":7.0},{"damage":7.0,"enemies":"Gremlin Leader","floor":27.0,"turns":10.0},{"damage":1.0,"enemies":"Snake Plant","floor":31.0,"turns":4.0},{"damage":3.0,"enemies":"Champ","floor":33.0,"turns":14.0},{"damage":7,"enemies":"3 Darklings","floor":35,"turns":6},{"damage":0,"enemies":"Orb Walker","floor":37,"turns":3},{"damage":1,"enemies":"Sphere and 2 Shapes","floor":38,"turns":4},{"damage":2,"enemies":"2 Orb Walkers","floor":41,"turns":5},{"damage":5,"enemies":"4 Shapes","floor":44,"turns":4},{"damage":0,"enemies":"3 Darklings","floor":46,"turns":4},{"damage":0,"enemies":"Donu and Deca","floor":50,"turns":10}],"event_choices":[{"event_name":"Match and Keep!","player_choice":"2 cards matched","floor":3.0,"damage_taken":0.0},{"event_name":"The Lab","player_choice":"Got Potions","floor":4.0,"damage_taken":0.0},{"event_name":"The Cleric","player_choice":"Card Removal","floor":7.0,"damage_taken":0.0},{"event_name":"Big Fish","player_choice":"Donut","floor":14.0,"damage_taken":0.0},{"event_name":"The Joust","player_choice":"Bet on Owner","floor":19.0,"damage_taken":0.0},{"event_name":"Purifier","player_choice":"One Purge","floor":21.0,"damage_taken":0.0},{"event_name":"Beggar","player_choice":"Gave Gold","floor":22.0,"damage_taken":0.0},{"event_name":"Match and Keep!","player_choice":"1 cards matched","floor":29.0,"damage_taken":0.0},{"event_name":"The Mausoleum","player_choice":"No","floor":30.0,"damage_taken":0.0},{"event_name":"Tomb of Lord Red Mask","player_choice":"Paid","floor":42,"damage_taken":0},{"event_name":"Mysterious Sphere","player_choice":"Ignore","floor":48,"damage_taken":0}],"boss_relics":[],"potions_floor_spawned":[1,5,12,20,24,35,38],"seed_played":"-7979716527669747714","ascension_level":0,"is_trial":false}