{"path_per_floor":["M","M","?","?","$","R","M","E","T","R","M","R","$","T","R","B",null,"M","?","?","M","$","R","E","R","T","E","M","E","R","M","R","B",null,"M","$","M","?","M","R","M","M","T","?","R","M","R","?","R","B"],"character_chosen":"THE_SILENT","items_purchased":["Noxious Fumes","Caltrops","Caltrops","Backflip","Noxious Fumes"],"gold_per_floor":[117,132,132,132,63,63,83,112,135,135,145,145,35,87,87,190,190,201,201,201,211,43,43,76,76,103,131,151,179,179,192,192,293,293,307,50,70,70,89,89,102,117,117,117,117,134,134,0,0,0],"floor_reached":51,"campfire_rested":1,"playtime":1859,"current_hp_per_floor":[70,70,70,70,70,70,70,70,70,70,70,70,70,70,70,50,70,68,68,68,61,61,61,44,44,44,41,53,53,53,50,50,50,70,70,70,70,61,50,50,50,46,46,46,67,67,67,67,67,62],"items_purged":["Strike_G","Doubt","Defend_G"],"gold":0,"score":803,"play_id":"37ecd521-0861-4889-bd8c-274b981973da","local_time":"20180326212558","is_prod":false,"is_daily":false,"is_ascension_mode":false,"campfire_upgraded":9,"timestamp":1522092358,"path_taken":["M","M","?","?","$","R","M","E","T","R","M","R","$","?","R","BOSS","M","?","?","M","$","R","E","R","T","E","M","E","R","M","R","BOSS","M","$","M","?","M","R","M","M","T","?","R","M","R","?","R","BOSS"],"build_version":"2018-03-22v2","purchased_purges":4,"victory":true,"master_deck":["Defend_G","Defend_G","Defend_G","Defend_G","Survivor","Neutralize+1","Dagger Throw","Terror+1","Noxious Fumes+1","Backflip+1","Bane+1","Caltrops+1","Concentrate+1","Caltrops+1","Caltrops+1","Predator","Dodge and Roll+1","After Image","PiercingWail+1","Backflip+1","Noxious Fumes","Madness","Madness","Adrenaline","Noxious Fumes+1","PiercingWail+1"],"max_hp_per_floor":[70,70,70,70,70,70,70,70,70,70,70,70,70,70,70,70,70,70,70,70,70,70,70,70,70,70,70,70,70,70,70,70,70,70,70,70,70,70,70,70,70,70,70,70,70,70,70,70,70,70],"relics":["Ring of the Snake","Juzu Bracelet","Anchor","Lantern","Omamori","Calling Bell","Meat on the Bone","Happy Flower","Tough Bandages","Peace Pipe","Ancient Tea Set","Thread and Needle","Letter Opener","Runic Dome","Smiling Mask","Red Mask"],"card_choices":[{"not_picked":["All Out Attack","Underhanded Strike"],"picked":"Dagger Throw","floor":1},{"not_picked":["PiercingWail","Acrobatics"],"picked":"Terror","floor":2},{"not_picked":["Dodge and Roll","Setup"],"picked":"Backflip","floor":7},{"not_picked":["Slice","Grand Finale"],"picked":"Bane","floor":8},{"not_picked":["Skewer","Deadly Poison"],"picked":"Concentrate","floor":18},{"not_picked":["Blade Dance","Prepared"],"picked":"Caltrops","floor":24},{"not_picked":["Dagger Spray","Doppelganger"],"picked":"Predator","floor":27},{"not_picked":["Unload","Deadly Poison"],"picked":"Dodge and Roll","floor":29},{"not_picked":["Glass Knife","Corpse Explosion"],"picked":"After Image","floor":33},{"not_picked":["Cloak And Dagger","Expertise"],"picked":"PiercingWail","floor":35},{"not_picked":["Acrobatics","Quick Slash"],"picked":"Adrenaline","floor":39},{"not_picked":["Quick Slash","Dodge and Roll"],"picked":"Noxious Fumes","floor":41},{"not_picked":["Deflect","Deadly Poison"],"picked":"PiercingWail","floor":42}],"player_experience":1605447,"potions_floor_usage":[27,28,28,42,50,50],"damage_taken":[{"damage":0,"enemies":"Small Slimes","floor":1,"turns":4},{"damage":0,"enemies":"2 Louse","floor":2,"turns":3},{"damage":0,"enemies":"Cultist","floor":7,"turns":4},{"damage":0,"enemies":"Lagavulin","floor":8,"turns":7},{"damage":0,"enemies":"2 Fungi Beasts","floor":11,"turns":3},{"damage":20,"enemies":"The Guardian","floor":16,"turns":8},{"damage":2,"enemies":"Shell Parasite","floor":18,"turns":5},{"damage":7,"enemies":"2 Thieves","floor":21,"turns":4},{"damage":17,"enemies":"Gremlin Leader","floor":24,"turns":6},{"damage":15,"enemies":"Slavers","floor":27,"turns":4},{"damage":0,"enemies":"Chosen and Byrds","floor":28,"turns":4},{"damage":0,"enemies":"Book of Stabbing","floor":29,"turns":5},{"damage":3,"enemies":"Snake Plant","floor":31,"turns":3},{"damage":0,"enemies":"Automaton","floor":33,"turns":11},{"damage":0,"enemies":"3 Shapes","floor":35,"turns":4},{"damage":0,"enemies":"Orb Walker","floor":37,"turns":5},{"damage":11,"enemies":"3 Darklings","floor":39,"turns":5},{"damage":0,"enemies":"Maw","floor":41,"turns":7},{"damage":4,"enemies":"Sphere and 2 Shapes","floor":42,"turns":4},{"damage":0,"enemies":"3 Darklings","floor":46,"turns":4},{"damage":5,"enemies":"Donu and Deca","floor":50,"turns":8}],"event_choices":[{"event_name":"Living Wall","player_choice":"Forget","floor":3,"damage_taken":0},{"event_name":"Upgrade Shrine","player_choice":"Upgraded","floor":4,"damage_taken":0},{"event_name":"Purifier","player_choice":"One Purge","floor":19,"damage_taken":0},{"event_name":"Drug Dealer","player_choice":"Ignored","floor":20,"damage_taken":0},{"event_name":"Winding Halls","player_choice":"Embrace Madness","floor":38,"damage_taken":0},{"event_name":"Mysterious Sphere","player_choice":"Ignore","floor":44,"damage_taken":0},{"event_name":"Tomb of Lord Red Mask","player_choice":"Paid","floor":48,"damage_taken":0}],"boss_relics":[{"not_picked":["Tiny House","Pandora\u0027s Box"],"picked":"Calling Bell"},{"not_picked":["Velvet Choker","Snecko Eye"],"picked":"Runic Dome"}],"potions_floor_spawned":[1,8,16,21,29,31,35,41,42,46],"seed_played":"-2550162161322363858","ascension_level":0,"is_trial":false}