{"path_per_floor":["M","?","M","M","$","R","?","M","T","E","M","R","E","M","R","B",null,"M","?","?","?","?","R","$","R","T","R","?","?","T","E","R","B",null,"M","?","$","?","M","R","?","?","T","R","M","M","R","?","R","B"],"character_chosen":"THE_SILENT","items_purchased":["Bag of Preparation","Caltrops","Noxious Fumes","Lantern","Cloak And Dagger"],"gold_per_floor":[214,214,226,243,19,19,19,31,56,85,100,100,133,153,153,254,254,267,267,267,267,192,192,118,118,173,173,173,173,200,233,233,332,332,352,352,82,82,92,92,92,92,92,92,105,115,115,115,115,115],"floor_reached":51,"campfire_rested":1,"playtime":1699,"current_hp_per_floor":[70,70,66,66,66,66,52,52,52,36,36,36,60,60,60,39,84,83,83,83,83,83,83,83,83,90,90,72,72,72,49,49,31,96,98,88,88,88,63,63,63,63,63,63,63,62,91,91,91,41],"items_purged":["Setup"],"gold":115,"score":717,"play_id":"4f68aac7-4d2a-43d7-ae78-97874bb220b4","local_time":"20180406223728","is_prod":false,"is_daily":false,"is_ascension_mode":false,"campfire_upgraded":10,"timestamp":1523047048,"path_taken":["M","?","M","M","?","R","?","M","T","E","M","R","E","M","R","BOSS","M","?","?","?","?","R","$","R","T","R","?","?","?","E","R","BOSS","M","?","$","?","M","R","?","?","T","R","M","M","R","?","R","BOSS"],"build_version":"2018-04-05v2","purchased_purges":1,"victory":true,"master_deck":["Defend_G+1","Defend_G+1","Defend_G+1","Defend_G+1","Defend_G+1","Strike_G+1","Strike_G+1","Neutralize+1","Flying Knee","Slice","Quick Slash+1","Cloak And Dagger+1","Well Laid Plans+1","PiercingWail","After Image","Backflip+1","Caltrops+1","Caltrops+1","Envenom+1","Sadistic Nature","Flash of Steel","Secret Weapon","Noxious Fumes+1","Cloak And Dagger+1","Cloak And Dagger+1","Escape Plan","PiercingWail+1"],"max_hp_per_floor":[70,70,70,70,70,70,70,70,70,70,70,70,84,84,84,84,84,84,84,84,84,84,84,84,84,91,91,96,96,96,96,96,96,96,98,98,98,98,98,98,98,98,98,98,98,98,98,98,98,98],"relics":["Ring of the Snake","Bag of Preparation","Juzu Bracelet","Bag of Marbles","Mango","Philosopher\u0027s Stone","Strawberry","Singing Bowl","Bottled Lightning","Sozu","Lantern","Smiling Mask"],"card_choices":[{"not_picked":["Finisher","Poisoned Stab"],"picked":"Flying Knee","floor":1},{"not_picked":["Calculated Gamble","Infinite Blades"],"picked":"Slice","floor":3},{"not_picked":["Escape Plan","Dagger Spray"],"picked":"Quick Slash","floor":10},{"not_picked":["Bane","Accuracy"],"picked":"Cloak And Dagger","floor":11},{"not_picked":["Tools of the Trade","Eviscerate"],"picked":"Well Laid Plans","floor":13},{"not_picked":["Deadly Poison","Bane"],"picked":"PiercingWail","floor":14},{"not_picked":["A Thousand Cuts","Glass Knife"],"picked":"After Image","floor":16},{"not_picked":["PiercingWail","Skewer"],"picked":"Backflip","floor":18},{"not_picked":["Flying Knee","Poisoned Stab"],"picked":"Caltrops","floor":31},{"not_picked":["Bullet Time","Phantasmal Killer"],"picked":"Envenom","floor":33},{"not_picked":["Trip","Deep Breath"],"picked":"Sadistic Nature","floor":36},{"not_picked":["Dark Shackles","Madness"],"picked":"Flash of Steel","floor":36},{"not_picked":["Thinking Ahead","Enlightenment"],"picked":"Secret Weapon","floor":36},{"not_picked":["Bane","Skewer"],"picked":"Cloak And Dagger","floor":39},{"not_picked":["Slice","Dagger Throw"],"picked":"Escape Plan","floor":45},{"not_picked":["Reflex","Deflect"],"picked":"PiercingWail","floor":46}],"player_experience":1682327,"potions_floor_usage":[10,13,31,33,50],"damage_taken":[{"damage":0,"enemies":"Jaw Worm","floor":1,"turns":4},{"damage":4,"enemies":"Cultist","floor":3,"turns":4},{"damage":0,"enemies":"Small Slimes","floor":4,"turns":4},{"damage":0,"enemies":"3 Louse","floor":8,"turns":3},{"damage":16,"enemies":"Gremlin Nob","floor":10,"turns":4},{"damage":0,"enemies":"Exordium Wildlife","floor":11,"turns":2},{"damage":5,"enemies":"3 Sentries","floor":13,"turns":10},{"damage":0,"enemies":"Looter","floor":14,"turns":1},{"damage":21,"enemies":"The Guardian","floor":16,"turns":14},{"damage":1,"enemies":"3 Byrds","floor":18,"turns":4},{"damage":23,"enemies":"Gremlin Leader","floor":31,"turns":9},{"damage":30,"enemies":"Automaton","floor":33,"turns":13},{"damage":0,"enemies":"3 Shapes","floor":35,"turns":4},{"damage":25,"enemies":"3 Darklings","floor":39,"turns":4},{"damage":0,"enemies":"Sphere and 2 Shapes","floor":45,"turns":4},{"damage":1,"enemies":"Maw","floor":46,"turns":6},{"damage":50,"enemies":"Donu and Deca","floor":50,"turns":9}],"event_choices":[{"event_name":"Transmorgrifier","player_choice":"Transform","floor":2,"damage_taken":0},{"event_name":"Shining Light","player_choice":"Entered Light","floor":7,"damage_taken":0},{"event_name":"Drug Dealer","player_choice":"Ignored","floor":19,"damage_taken":0},{"event_name":"Back to Basics","player_choice":"Simplicity","floor":20,"damage_taken":0},{"event_name":"Ghosts","player_choice":"Ignored","floor":21,"damage_taken":0},{"event_name":"Beggar","player_choice":"Gave Gold","floor":22,"damage_taken":0},{"event_name":"Forgotten Altar","player_choice":"Shed Blood","floor":28,"damage_taken":0},{"event_name":"Purifier","player_choice":"One Purge","floor":29,"damage_taken":0},{"event_name":"SensoryStone","player_choice":"Memory 3","floor":36,"damage_taken":0},{"event_name":"Transmorgrifier","player_choice":"Transform","floor":38,"damage_taken":0},{"event_name":"SecretPortal","player_choice":"Rejected Portal.","floor":41,"damage_taken":0},{"event_name":"Purifier","player_choice":"One Purge","floor":42,"damage_taken":0},{"event_name":"Mysterious Sphere","player_choice":"Ignore","floor":48,"damage_taken":0}],"boss_relics":[{"not_picked":["Eternal Feather","Black Star"],"picked":"Philosopher\u0027s Stone"},{"not_picked":["Runic Pyramid","Pandora\u0027s Box"],"picked":"Sozu"}],"potions_floor_spawned":[1,4,10,11,14,18,35,39,46],"seed_played":"-1545292466354933624","ascension_level":0,"is_trial":false}