{"path_per_floor":["M","$","?","T","$","R","E","R","T","M","?","R","M","?","R","B",null,"M","?","$","?","M","R","E","R","T","?","E","M","R","M","R","B",null,"M","?","?","M","$","M","M","?","T","$","M","M","R","M","R","B"],"character_chosen":"THE_SILENT","items_purchased":["Backflip","Footwork","Oddly Smooth Stone","Dodge and Roll"],"gold_per_floor":[211,110,110,134,34,34,69,69,69,84,106,106,126,126,126,224,224,241,241,47,47,59,59,94,94,168,83,116,133,133,150,150,245,245,263,263,263,280,77,95,110,110,155,5,17,36,36,51,51,51],"floor_reached":51,"campfire_rested":2,"playtime":2243,"current_hp_per_floor":[70,70,75,82,82,82,58,58,58,58,58,58,58,46,46,46,82,81,81,81,81,81,81,77,77,77,77,74,74,74,74,74,74,82,82,72,72,72,72,72,75,65,65,65,56,53,77,53,77,77],"items_purged":["Strike_G","Defend_G","Strike_G","Skewer"],"gold":51,"score":934,"play_id":"5b7c61e2-807a-4dbc-b211-297fd158f56c","local_time":"20180408200724","is_prod":false,"is_daily":false,"is_ascension_mode":false,"campfire_upgraded":8,"timestamp":1523210844,"path_taken":["M","$","?","?","?","R","E","R","T","M","?","R","?","?","R","BOSS","M","?","$","?","M","R","E","R","T","?","E","M","R","M","R","BOSS","M","?","?","?","?","M","?","?","T","$","M","M","R","M","R","BOSS"],"build_version":"2018-04-05v2","purchased_purges":5,"victory":true,"master_deck":["Survivor","Neutralize+1","Skewer+1","Backflip","Backflip","Noxious Fumes+1","Footwork+1","A Thousand Cuts+1","Blur+1","Footwork+1","Deflect","Cloak And Dagger+1","Cloak And Dagger+1","Footwork+1","Slice","Backflip","Dagger Throw","Reflex","Accuracy","Infinite Blades","Madness","Madness","Backflip","Backflip+1","Dodge and Roll","Backflip+1","Deflect","Panache","Flash of Steel","Finesse","Deflect+1","Backflip+1"],"max_hp_per_floor":[70,70,75,82,82,82,82,82,82,82,82,82,82,82,82,82,82,82,82,82,82,82,82,82,82,82,82,82,82,82,82,82,82,82,82,82,82,82,82,82,82,82,82,82,82,82,82,82,82,82],"relics":["Ring of the Snake","Strawberry","Prayer Wheel","Odd Mushroom","Ninja Scroll","Philosopher\u0027s Stone","Lantern","Meat on the Bone","Bag of Preparation","Anchor","Pandora\u0027s Box","Oddly Smooth Stone","Bag of Marbles"],"card_choices":[{"not_picked":["Sucker Punch","Acrobatics"],"picked":"Skewer","floor":1.0},{"not_picked":["Escape Plan","Setup"],"picked":"Backflip","floor":9.0},{"not_picked":["Dagger Spray","All Out Attack"],"picked":"Noxious Fumes","floor":10.0},{"not_picked":["Acrobatics","Sucker Punch"],"picked":"Footwork","floor":13.0},{"not_picked":["Envenom","Storm of Steel"],"picked":"A Thousand Cuts","floor":16.0},{"not_picked":["Dodge and Roll","All Out Attack"],"picked":"Blur","floor":18.0},{"not_picked":["Underhanded Strike","Deadly Poison"],"picked":"Deflect","floor":22.0},{"not_picked":["All Out Attack","Expertise"],"picked":"Cloak And Dagger","floor":24.0},{"not_picked":["Eviscerate","Outmaneuver"],"picked":"Cloak And Dagger","floor":26.0},{"not_picked":["Acrobatics","Outmaneuver"],"picked":"Footwork","floor":29.0},{"not_picked":["Riddle With Holes","Crippling Poison"],"picked":"Backflip","floor":38.0},{"not_picked":["Flying Knee","Skewer"],"picked":"Backflip","floor":40.0},{"not_picked":["Bane","PiercingWail"],"picked":"Deflect","floor":41},{"not_picked":["Good Instincts","Deep Breath"],"picked":"Panache","floor":42},{"not_picked":["Trip","Purity"],"picked":"Flash of Steel","floor":42},{"not_picked":["Bandage Up","Mind Blast"],"picked":"Finesse","floor":42},{"not_picked":["Well Laid Plans","Dagger Spray"],"picked":"Deflect","floor":43},{"not_picked":["Quick Slash","Infinite Blades"],"picked":"Backflip","floor":46}],"player_experience":1690282,"potions_floor_usage":[41,41,50,50],"damage_taken":[{"damage":0.0,"enemies":"Jaw Worm","floor":1.0,"turns":5.0},{"damage":24.0,"enemies":"Gremlin Nob","floor":7.0,"turns":5.0},{"damage":0.0,"enemies":"Small Slimes","floor":10.0,"turns":4.0},{"damage":0.0,"enemies":"The Mushroom Lair","floor":11.0,"turns":5.0},{"damage":0.0,"enemies":"2 Louse","floor":13.0,"turns":2.0},{"damage":0.0,"enemies":"The Guardian","floor":16.0,"turns":11.0},{"damage":1.0,"enemies":"3 Byrds","floor":18.0,"turns":4.0},{"damage":0.0,"enemies":"Shell Parasite","floor":22.0,"turns":8.0},{"damage":4.0,"enemies":"Gremlin Leader","floor":24.0,"turns":7.0},{"damage":3.0,"enemies":"Slavers","floor":28.0,"turns":4.0},{"damage":0.0,"enemies":"Cultist and Chosen","floor":29.0,"turns":5.0},{"damage":0.0,"enemies":"Sentry and Sphere","floor":31.0,"turns":6.0},{"damage":0.0,"enemies":"Collector","floor":33.0,"turns":11.0},{"damage":0.0,"enemies":"3 Darklings","floor":35.0,"turns":4.0},{"damage":0.0,"enemies":"Orb Walker","floor":38.0,"turns":4.0},{"damage":0.0,"enemies":"Maw","floor":40.0,"turns":8.0},{"damage":6,"enemies":"Sphere and 2 Shapes","floor":41,"turns":5},{"damage":9,"enemies":"4 Shapes","floor":45,"turns":5},{"damage":3,"enemies":"Maw","floor":46,"turns":6},{"damage":24,"enemies":"Sphere and 2 Shapes","floor":48,"turns":5},{"damage":0,"enemies":"Awakened One","floor":50,"turns":14}],"event_choices":[{"event_name":"Big Fish","player_choice":"Donut","floor":3.0,"damage_taken":0.0},{"event_name":"Mushrooms","player_choice":"Fought Mushrooms","floor":11.0,"damage_taken":0.0},{"event_name":"Scrap Ooze","player_choice":"success","floor":14.0,"damage_taken":12.0},{"event_name":"Ghosts","player_choice":"Ignored","floor":19.0,"damage_taken":0.0},{"event_name":"Beggar","player_choice":"Ignored","floor":21.0,"damage_taken":0.0},{"event_name":"Addict","player_choice":"Obtained Relic","floor":27.0,"damage_taken":0.0},{"event_name":"Winding Halls","player_choice":"Embrace Madness","floor":36.0,"damage_taken":0.0},{"event_name":"Duplicator","player_choice":"One dupe","floor":37.0,"damage_taken":0.0},{"event_name":"SensoryStone","player_choice":"Memory 3","floor":42,"damage_taken":0}],"boss_relics":[],"potions_floor_spawned":[1,7,16,18,22,28,31,35,40,45],"seed_played":"-6410455349494047822","ascension_level":0,"is_trial":false}