{"path_per_floor":["M","M","?","?","M","E","R","M","T","M","R","?","M","?","R","B",null,"M","?","M","?","$","R","E","$","T","R","E","R","?","M","R","B",null,"M","?","M","$","M","R","M","?","T","?","R","M","M","?","R","B"],"character_chosen":"THE_SILENT","items_purchased":["Snake Skull","Vajra","Footwork"],"gold_per_floor":[116,134,209,209,220,246,246,264,290,306,306,306,324,324,324,452,452,468,468,486,486,264,264,303,57,57,57,98,98,98,118,118,244,244,262,262,280,74,95,95,115,0,27,27,27,47,70,70,70,70],"floor_reached":51,"campfire_rested":2,"playtime":1669,"current_hp_per_floor":[70,70,59,52,48,30,30,25,25,23,44,44,40,75,75,47,75,75,75,70,70,70,70,63,63,63,63,63,63,63,63,63,46,75,62,62,62,62,61,61,47,47,47,47,47,47,47,47,72,66],"items_purged":["Strike_G","Strike_G","Parasite"],"gold":70,"score":760,"play_id":"b3bb371c-fb1a-43d0-8338-1ed2ab393d40","local_time":"20180416090008","is_prod":false,"is_daily":false,"chose_seed":false,"is_ascension_mode":false,"campfire_upgraded":8,"timestamp":1523862008,"path_taken":["M","M","?","?","M","E","R","M","T","M","R","?","M","?","R","BOSS","M","?","M","?","$","R","E","$","T","R","E","R","?","M","R","BOSS","M","?","M","$","M","R","?","?","T","?","R","M","M","?","R","BOSS"],"build_version":"2018-04-12","seed_source_timestamp":105712855862280,"purchased_purges":3,"victory":true,"master_deck":["Defend_G","Defend_G","Defend_G","Defend_G","Defend_G","Strike_G","Survivor","Neutralize+1","Noxious Fumes+1","Dagger Spray","Poisoned Stab","PiercingWail","Slice+1","Slice","Die Die Die","Backflip+1","Footwork+1","Deflect","Catalyst+1","Night Terror+1","Calculated Gamble","After Image","Bouncing Flask+1","Neutralize+1","Backflip","Footwork+1","Backflip+1","Backflip+1","Sucker Punch+1"],"max_hp_per_floor":[70,70,70,70,70,70,70,70,70,70,70,65,65,75,75,75,75,75,75,75,75,75,75,75,75,75,75,75,75,75,75,75,75,75,75,75,75,72,72,72,72,72,72,72,72,72,72,72,72,72],"relics":["Ring of the Snake","Orichalcum","Lantern","Golden Idol","Cursed Key","Snake Skull","Regal Pillow","Vajra","Ornamental Fan","Happy Flower","Sozu","Red Mask","Bronze Scales"],"card_choices":[{"not_picked":["Choke","Dagger Spray"],"picked":"Noxious Fumes","floor":1.0},{"not_picked":["Prepared","Quick Slash"],"picked":"Dagger Spray","floor":2.0},{"not_picked":["Acrobatics","Crippling Poison"],"picked":"Poisoned Stab","floor":5.0},{"not_picked":["Outmaneuver","Deflect"],"picked":"PiercingWail","floor":6.0},{"not_picked":["Deflect","Bane"],"picked":"Tools of the Trade","floor":8.0},{"not_picked":["Acrobatics","Prepared"],"picked":"Slice","floor":10.0},{"not_picked":["Flechettes","Bane"],"picked":"Slice","floor":13.0},{"not_picked":["Storm of Steel","Burst"],"picked":"Die Die Die","floor":16.0},{"not_picked":["Outmaneuver","Flying Knee"],"picked":"Backflip","floor":18.0},{"not_picked":["Slice","All Out Attack"],"picked":"Deflect","floor":20.0},{"not_picked":["Slice","Skewer"],"picked":"Catalyst","floor":24.0},{"not_picked":["Burst","Accuracy"],"picked":"Night Terror","floor":28.0},{"not_picked":["Tools of the Trade","Night Terror"],"picked":"After Image","floor":33},{"not_picked":["Reflex","Sucker Punch"],"picked":"Bouncing Flask","floor":35},{"not_picked":["Cloak And Dagger","Sucker Punch"],"picked":"Backflip","floor":37},{"not_picked":["Slice","Bullet Time"],"picked":"Backflip","floor":41},{"not_picked":["Deadly Poison","Setup"],"picked":"Backflip","floor":46},{"not_picked":["Blade Dance","Underhanded Strike"],"picked":"Sucker Punch","floor":47}],"player_experience":1752596,"potions_floor_usage":[],"damage_taken":[{"damage":0.0,"enemies":"Small Slimes","floor":1.0,"turns":6.0},{"damage":0.0,"enemies":"Jaw Worm","floor":2.0,"turns":5.0},{"damage":4.0,"enemies":"2 Louse","floor":5.0,"turns":3.0},{"damage":18.0,"enemies":"Gremlin Nob","floor":6.0,"turns":5.0},{"damage":5.0,"enemies":"Gremlin Gang","floor":8.0,"turns":3.0},{"damage":2.0,"enemies":"Exordium Wildlife","floor":10.0,"turns":6.0},{"damage":4.0,"enemies":"2 Fungi Beasts","floor":13.0,"turns":4.0},{"damage":28.0,"enemies":"Slime Boss","floor":16.0,"turns":10.0},{"damage":0.0,"enemies":"Shell Parasite","floor":18.0,"turns":7.0},{"damage":5.0,"enemies":"Chosen","floor":20.0,"turns":5.0},{"damage":7.0,"enemies":"Slavers","floor":24.0,"turns":7.0},{"damage":0.0,"enemies":"Gremlin Leader","floor":28.0,"turns":5.0},{"damage":0,"enemies":"Centurion and Healer","floor":31,"turns":5},{"damage":17,"enemies":"Collector","floor":33,"turns":9},{"damage":13,"enemies":"3 Shapes","floor":35,"turns":5},{"damage":0,"enemies":"Orb Walker","floor":37,"turns":3},{"damage":1,"enemies":"Maw","floor":39,"turns":6},{"damage":14,"enemies":"4 Shapes","floor":41,"turns":4},{"damage":0,"enemies":"Sphere and 2 Shapes","floor":46,"turns":3},{"damage":0,"enemies":"3 Darklings","floor":47,"turns":3},{"damage":6,"enemies":"Donu and Deca","floor":50,"turns":9}],"event_choices":[{"event_name":"World of Goop","player_choice":"Gather Gold","floor":3.0,"damage_taken":0.0},{"event_name":"Golden Wing","player_choice":"Card Removal","floor":4.0,"damage_taken":0.0},{"event_name":"Golden Idol","player_choice":"Lose Max HP","floor":12.0,"damage_taken":0.0},{"event_name":"Bonfire Elementals","player_choice":"RARE","floor":14.0,"damage_taken":0.0},{"event_name":"The Library","player_choice":"Read","floor":19.0,"damage_taken":0.0},{"event_name":"Cursed Tome","player_choice":"Ignored","floor":21.0,"damage_taken":0.0},{"event_name":"Transmorgrifier","player_choice":"Transform","floor":30.0,"damage_taken":0.0},{"event_name":"Match and Keep!","player_choice":"1 cards matched","floor":36,"damage_taken":0},{"event_name":"Tomb of Lord Red Mask","player_choice":"Paid","floor":42,"damage_taken":0},{"event_name":"Purifier","player_choice":"One Purge","floor":44,"damage_taken":0},{"event_name":"Mysterious Sphere","player_choice":"Ignore","floor":48,"damage_taken":0}],"boss_relics":[{"not_picked":["Lizard Tail","Pandora\u0027s Box"],"picked":"Sozu"}],"potions_floor_spawned":[1,6,8,20,24,35,39],"seed_played":"7913500229144421819","ascension_level":0,"is_trial":false}