{"path_per_floor":["M","M","M","?","M","E","R","E","T","R","M","M","T","?","R","B",null,"M","M","?","M","?","R","M","$","T","M","R","E","R","M","R","B",null,"M","?","?","M","$","R","$","M","T","R","M","?","M","T","R","B"],"character_chosen":"IRONCLAD","items_purchased":["Apotheosis","Feed","Bottled Tornado"],"gold_per_floor":[113,130,143,143,156,185,185,210,210,210,227,238,238,218,218,313,313,328,338,338,357,357,357,368,190,190,204,204,237,237,254,254,354,354,369,369,369,380,306,306,48,59,59,59,70,70,85,156,156,156],"floor_reached":51,"campfire_rested":4,"playtime":3700,"current_hp_per_floor":[88,88,88,93,92,57,84,63,77,77,83,89,89,89,89,47,107,78,57,57,51,51,51,51,51,51,62,62,59,59,61,74,59,74,60,60,60,38,38,60,60,44,44,44,32,32,34,34,58,27],"items_purged":[],"gold":156,"score":655,"play_id":"fbf05f82-4a37-4db7-969f-34823edb1cab","local_time":"20180402123051","is_prod":false,"is_daily":false,"is_ascension_mode":false,"campfire_upgraded":3,"timestamp":1522686651,"path_taken":["M","M","M","?","M","E","R","E","T","R","M","?","?","?","R","BOSS","M","M","?","M","?","R","M","$","T","M","R","E","R","?","R","BOSS","M","?","?","M","$","R","$","M","T","R","M","?","M","?","R","BOSS"],"build_version":"2018-03-29v2","purchased_purges":1,"victory":true,"master_deck":["Defend_R","Defend_R","Defend_R","Defend_R","Bash","Flex+1","Pommel Strike","Intimidate","Thunderclap","Whirlwind","Infernal Blade","Metallicize","Demon Form+1","Cleave+1","Infernal Blade","Bite","Bite","Bite","Bite","Bite","Apotheosis+1","Flex","Berserk","Jack Of All Trades","Warcry+1","Feed","Rage+1"],"max_hp_per_floor":[88,88,88,93,93,93,93,93,107,107,107,107,107,107,107,107,107,107,107,74,74,74,74,74,74,74,74,74,74,74,74,74,74,74,74,74,74,74,74,74,74,74,74,74,78,78,82,82,82,82],"relics":["Burning Blood","Matryoshka","Smiling Mask","Vajra","Mango","Bronze Scales","Girya","Runic Cube","Calipers","Red Skull","Lizard Tail","Bottled Tornado","Peace Pipe","Bottled Flame"],"card_choices":[{"not_picked":["Headbutt","Iron Wave"],"picked":"Flex","floor":1},{"not_picked":["Twin Strike","Anger"],"picked":"Pommel Strike","floor":2},{"not_picked":["True Grit","Rampage"],"picked":"Intimidate","floor":3},{"not_picked":["Rage","Headbutt"],"picked":"Thunderclap","floor":5},{"not_picked":["Warcry","Limit Break"],"picked":"Whirlwind","floor":6},{"not_picked":["Spot Weakness","Intimidate"],"picked":"Infernal Blade","floor":11},{"not_picked":["Body Slam","Pommel Strike"],"picked":"Metallicize","floor":12},{"not_picked":["Immolate","Limit Break"],"picked":"Demon Form","floor":16},{"not_picked":["Warcry","Clash"],"picked":"Cleave","floor":18},{"not_picked":["Anger","Clothesline"],"picked":"Infernal Blade","floor":19},{"not_picked":["Pommel Strike","Searing Blow"],"picked":"Flex","floor":27},{"not_picked":["Reckless Charge","Armaments"],"picked":"Berserk","floor":29},{"not_picked":["Secret Technique","Panacea"],"picked":"Jack Of All Trades","floor":36},{"not_picked":["Clothesline","Clash"],"picked":"Warcry","floor":38},{"not_picked":["Twin Strike","Rampage"],"picked":"Rage","floor":42}],"player_experience":95239,"potions_floor_usage":[6,8,16,16,27,33,33,33,45,45,50],"damage_taken":[{"damage":5,"enemies":"Cultist","floor":1,"turns":4},{"damage":0,"enemies":"Jaw Worm","floor":2,"turns":5},{"damage":0,"enemies":"Small Slimes","floor":3,"turns":3},{"damage":7,"enemies":"Looter","floor":5,"turns":3},{"damage":41,"enemies":"Lagavulin","floor":6,"turns":8},{"damage":27,"enemies":"3 Sentries","floor":8,"turns":9},{"damage":0,"enemies":"2 Fungi Beasts","floor":11,"turns":2},{"damage":0,"enemies":"3 Louse","floor":12,"turns":1},{"damage":48,"enemies":"Hexaghost","floor":16,"turns":8},{"damage":35,"enemies":"Chosen","floor":18,"turns":5},{"damage":27,"enemies":"Spheric Guardian","floor":19,"turns":4},{"damage":20,"enemies":"Snake Plant","floor":21,"turns":4},{"damage":20,"enemies":"3 Cultists","floor":24,"turns":5},{"damage":23,"enemies":"Centurion and Healer","floor":27,"turns":9},{"damage":32,"enemies":"Gremlin Leader","floor":29,"turns":7},{"damage":15,"enemies":"Chosen and Byrds","floor":31,"turns":5},{"damage":36,"enemies":"Collector","floor":33,"turns":8},{"damage":26,"enemies":"3 Darklings","floor":35,"turns":5},{"damage":34,"enemies":"3 Shapes","floor":38,"turns":4},{"damage":31,"enemies":"3 Darklings","floor":42,"turns":5},{"damage":40,"enemies":"4 Shapes","floor":45,"turns":7},{"damage":21,"enemies":"Sphere and 2 Shapes","floor":47,"turns":4},{"damage":115,"enemies":"Time Eater","floor":50,"turns":8}],"event_choices":[{"event_name":"Big Fish","player_choice":"Donut","floor":4,"damage_taken":0},{"event_name":"The Woman in Blue","player_choice":"Bought 1 Potion","floor":14,"damage_taken":0},{"event_name":"Vampires","player_choice":"Became a vampire","floor":20,"damage_taken":0},{"event_name":"Cursed Tome","player_choice":"Ignored","floor":22,"damage_taken":0},{"event_name":"SensoryStone","player_choice":"Memory 1","floor":36,"damage_taken":0},{"event_name":"Tomb of Lord Red Mask","player_choice":"Ignored","floor":37,"damage_taken":0},{"event_name":"Mysterious Sphere","player_choice":"Ignore","floor":46,"damage_taken":0}],"boss_relics":[{"not_picked":["White Beast Statue","Pandora\u0027s Box"],"picked":"Runic Cube"},{"not_picked":["Tiny House","Mark of Pain"],"picked":"Lizard Tail"}],"potions_floor_spawned":[3,6,12,16,19,24,29,38,42,47],"seed_played":"3771405388434276418","ascension_level":0,"is_trial":false}