{"path_per_floor":["M","$","?","M","M","E","R","E","T","M","E","?","?","M","R","B",null,"M","$","M","?","?","E","M","R","T","R","?","M","E","M","R","B",null,"M","?","?","$","M","R","$","?","T","M","M","T","M","E","R"],"character_chosen":"IRONCLAD","items_purchased":["Vajra","Lantern","Bottled Flame","Ornamental Fan","Swift Potion"],"gold_per_floor":[19,19,19,33,48,73,73,98,98,112,143,143,143,164,164,290,290,305,8,27,27,27,65,78,78,78,78,78,94,125,139,139,265,265,288,621,621,307,326,326,32,32,32,44,58,58,69,94,94,94],"floor_reached":50,"campfire_rested":4,"playtime":4174,"current_hp_per_floor":[80,80,80,80,78,30,54,34,34,40,42,42,35,55,79,35,80,71,71,67,67,67,29,26,50,50,50,50,54,55,59,59,35,80,78,78,78,78,81,81,81,71,71,67,77,77,73,69,84,0],"items_purged":["Pain"],"gold":94,"score":605,"play_id":"913438d5-dc18-40a5-9eeb-3b295a529a9d","local_time":"20180402203509","is_prod":false,"is_daily":false,"is_ascension_mode":false,"campfire_upgraded":3,"timestamp":1522715709,"path_taken":["M","?","?","M","M","E","R","E","T","?","E","?","?","M","R","BOSS","M","$","?","?","?","E","M","R","T","R","?","M","E","?","R","BOSS","M","?","?","?","?","R","$","?","T","M","M","?","?","E","R","BOSS"],"build_version":"2018-03-29v2","purchased_purges":1,"victory":false,"master_deck":["Strike_R","Strike_R","Strike_R","Strike_R","Defend_R","Defend_R","Defend_R","Defend_R+1","Bash","Battle Trance+1","Warcry","Thunderclap","Heavy Blade","Infernal Blade","Flex","Dual Wield","Injury","Iron Wave","Offering+1","Shrug It Off+1","Seeing Red+1","Inflame+1","Shrug It Off","Sword Boomerang+1","Whirlwind+1","Exhume+1","Clumsy","Doubt","Heavy Blade+1","Flash of Steel","Panache","Mind Blast","Metallicize+1","Rupture+1","Offering"],"max_hp_per_floor":[80,80,80,80,80,80,80,80,80,80,80,80,80,80,80,80,80,80,80,80,80,80,80,80,80,80,80,80,80,80,80,80,80,80,80,80,80,80,82,82,82,82,82,82,84,84,84,84,84,84],"relics":["Burning Blood","Du-Vu Doll","Bronze Scales","Thread and Needle","Blood Vial","Meat on the Bone","Dodecahedron","Vajra","Lantern","Kunai","Peace Pipe","Pen Nib","Letter Opener","Calling Bell","Darkstone Periapt","Blue Candle","Singing Bowl","Bottled Flame","Ornamental Fan","Mercury Hourglass","Smiling Mask","War Paint"],"card_choices":[{"not_picked":["Metallicize","Sword Boomerang"],"picked":"Battle Trance","floor":1},{"not_picked":["Perfected Strike","Body Slam"],"picked":"Thunderclap","floor":4},{"not_picked":["Rampage","Dropkick"],"picked":"Heavy Blade","floor":6},{"not_picked":["Fiend Fire","Feel No Pain"],"picked":"Infernal Blade","floor":8},{"not_picked":["Searing Blow","Flame Barrier"],"picked":"Flex","floor":10},{"not_picked":["Hemokinesis","Sword Boomerang"],"picked":"Dual Wield","floor":11},{"not_picked":["Twin Strike","Pummel"],"picked":"Iron Wave","floor":14},{"not_picked":["Double Tap","Fiend Fire"],"picked":"Offering","floor":16},{"not_picked":["Second Wind","Perfected Strike"],"picked":"Shrug It Off","floor":18},{"not_picked":["Power Through","Wild Strike"],"picked":"Seeing Red","floor":20},{"not_picked":["Clothesline","Heavy Blade"],"picked":"Inflame","floor":23},{"not_picked":["Iron Wave","Anger"],"picked":"Shrug It Off","floor":24},{"not_picked":["Juggernaut","Dark Embrace"],"picked":"Sword Boomerang","floor":30},{"not_picked":["Havoc","Pommel Strike"],"picked":"Whirlwind","floor":31},{"not_picked":["Fiend Fire","Immolate"],"picked":"Exhume","floor":33},{"not_picked":["Hemokinesis","Pommel Strike"],"picked":"Heavy Blade","floor":35},{"not_picked":["Swift Strike","Trip"],"picked":"Flash of Steel","floor":42},{"not_picked":["Mind Blast","Purity"],"picked":"Panache","floor":42},{"not_picked":["Dramatic Entrance","Thinking Ahead"],"picked":"Mind Blast","floor":42},{"not_picked":["Clash","Sever Soul"],"picked":"Metallicize","floor":44},{"not_picked":["Iron Wave","Second Wind"],"picked":"Rupture","floor":47},{"not_picked":["Intimidate","Ghostly Armor"],"picked":"Offering","floor":48}],"player_experience":110726,"potions_floor_usage":[6,16,23,23,33,33,48,50,50,50],"damage_taken":[{"damage":1,"enemies":"Cultist","floor":1,"turns":3},{"damage":4,"enemies":"Jaw Worm","floor":4,"turns":5},{"damage":8,"enemies":"Small Slimes","floor":5,"turns":4},{"damage":54,"enemies":"Lagavulin","floor":6,"turns":7},{"damage":26,"enemies":"3 Sentries","floor":8,"turns":8},{"damage":2,"enemies":"Blue Slaver","floor":10,"turns":4},{"damage":6,"enemies":"Gremlin Nob","floor":11,"turns":3},{"damage":0,"enemies":"3 Louse","floor":14,"turns":3},{"damage":63,"enemies":"The Guardian","floor":16,"turns":10},{"damage":15,"enemies":"2 Thieves","floor":18,"turns":3},{"damage":12,"enemies":"Shell Parasite","floor":20,"turns":4},{"damage":58,"enemies":"Gremlin Leader","floor":23,"turns":11},{"damage":23,"enemies":"Snake Plant","floor":24,"turns":4},{"damage":4,"enemies":"3 Cultists","floor":29,"turns":4},{"damage":19,"enemies":"Book of Stabbing","floor":30,"turns":4},{"damage":4,"enemies":"Centurion and Healer","floor":31,"turns":3},{"damage":59,"enemies":"Automaton","floor":33,"turns":9},{"damage":8,"enemies":"3 Darklings","floor":35,"turns":3},{"damage":7,"enemies":"3 Shapes","floor":39,"turns":1},{"damage":12,"enemies":"Sphere and 2 Shapes","floor":44,"turns":2},{"damage":0,"enemies":"3 Darklings","floor":45,"turns":1},{"damage":12,"enemies":"4 Shapes","floor":47,"turns":1},{"damage":12,"enemies":"Giant Head","floor":48,"turns":6},{"damage":99,"enemies":"Awakened One","floor":50,"turns":8}],"event_choices":[{"event_name":"Transmorgrifier","player_choice":"Transform","floor":3,"damage_taken":0},{"event_name":"Golden Idol","player_choice":"Take Wound","floor":12,"damage_taken":0},{"event_name":"Scrap Ooze","player_choice":"success","floor":13,"damage_taken":7},{"event_name":"The Mausoleum","player_choice":"Yes","floor":21,"damage_taken":0},{"event_name":"Drug Dealer","player_choice":"Ignored","floor":22,"damage_taken":0},{"event_name":"Ghosts","player_choice":"Ignored","floor":28,"damage_taken":0},{"event_name":"The Moai Head","player_choice":"Gave Idol","floor":36,"damage_taken":0},{"event_name":"Mysterious Sphere","player_choice":"Ignore","floor":37,"damage_taken":0},{"event_name":"SensoryStone","player_choice":"Memory 3","floor":42,"damage_taken":0}],"boss_relics":[{"not_picked":["Pandora\u0027s Box","Runic Dome","Velvet Choker"]},{"not_picked":["Eternal Feather","Black Blood"],"picked":"Calling Bell"}],"potions_floor_spawned":[1,14,16,18,20,29,33,35,44,45,48],"seed_played":"-8207455309467284547","killed_by":"Awakened One","ascension_level":0,"is_trial":false}