{"path_per_floor":["M","M","?","$","M","E","?","M","T","$","M","M","M","M","R","B",null,"M","?","?","M","?","E","R"],"character_chosen":"IRONCLAD","items_purchased":["Searing Blow"],"gold_per_floor":[119,130,130,51,71,97,97,110,136,61,77,95,113,125,125,221,221,233,233,148,167,167,192,192,192],"floor_reached":25,"campfire_rested":2,"playtime":2417,"current_hp_per_floor":[79,79,79,79,75,45,45,33,33,33,35,38,35,27,51,8,80,64,56,56,56,56,14,30,0],"items_purged":["Strike_R"],"gold":192,"score":251,"play_id":"cde1bf42-e98a-4c8a-92dd-2c1e64eb10c1","local_time":"20180403001758","is_prod":false,"is_daily":false,"is_ascension_mode":false,"campfire_upgraded":0,"timestamp":1522729078,"path_taken":["M","M","?","$","?","E","?","M","T","?","M","?","?","M","R","BOSS","M","?","?","?","?","E","R","M"],"build_version":"2018-03-29v2","purchased_purges":1,"victory":false,"master_deck":["Defend_R","Defend_R","Defend_R","Defend_R","Bash","Dropkick","Flex","Seeing Red","Searing Blow+1","Armaments","Bloodletting","Armaments","Heavy Blade","Warcry","Battle Trance","Twin Strike","Bite","Bite","Bite","Bite","Bite","Anger+1","Decay","Cleave"],"max_hp_per_floor":[80,80,80,80,80,80,80,80,80,80,80,80,80,80,80,80,80,80,56,56,56,56,56,56,56],"relics":["Black Blood","Bronze Scales","Bag of Preparation","Anchor","Question Card"],"card_choices":[{"not_picked":["Reckless Charge","Rupture"],"picked":"Dropkick","floor":0},{"not_picked":["Rupture","Body Slam"],"picked":"Flex","floor":1},{"not_picked":["Warcry","Perfected Strike"],"picked":"Seeing Red","floor":2},{"not_picked":["Headbutt","Perfected Strike"],"picked":"Armaments","floor":5},{"not_picked":["Bludgeon","Sever Soul"],"picked":"Bloodletting","floor":6},{"not_picked":["Anger","Disarm"],"picked":"Armaments","floor":8},{"not_picked":["Disarm","Rampage"],"picked":"Heavy Blade","floor":11},{"not_picked":["Evolve","Bludgeon"],"picked":"Warcry","floor":13},{"not_picked":["Sword Boomerang","Warcry"],"picked":"Battle Trance","floor":14},{"not_picked":["Body Slam","Headbutt"],"picked":"Twin Strike","floor":18},{"not_picked":["Iron Wave","Evolve"],"picked":"Anger","floor":21},{"not_picked":["Seeing Red","Uppercut"],"picked":"Cleave","floor":23}],"player_experience":114900,"potions_floor_usage":[8,8,16,16,23],"damage_taken":[{"damage":7,"enemies":"Small Slimes","floor":1,"turns":3},{"damage":6,"enemies":"Cultist","floor":2,"turns":4},{"damage":10,"enemies":"2 Louse","floor":5,"turns":3},{"damage":36,"enemies":"3 Sentries","floor":6,"turns":11},{"damage":18,"enemies":"Lots of Slimes","floor":8,"turns":2},{"damage":4,"enemies":"Exordium Thugs","floor":11,"turns":4},{"damage":3,"enemies":"Red Slaver","floor":12,"turns":2},{"damage":9,"enemies":"Lots of Slimes","floor":13,"turns":4},{"damage":14,"enemies":"Exordium Thugs","floor":14,"turns":3},{"damage":64,"enemies":"Hexaghost","floor":16,"turns":10},{"damage":26,"enemies":"Spheric Guardian","floor":18,"turns":5},{"damage":16,"enemies":"3 Byrds","floor":21,"turns":5},{"damage":67,"enemies":"Slavers","floor":23,"turns":7},{"damage":49,"enemies":"Centurion and Healer","floor":25,"turns":7}],"event_choices":[{"event_name":"The Lab","player_choice":"Got Potions","floor":3,"damage_taken":0},{"event_name":"Accursed Blacksmith","player_choice":"Forge","floor":7,"damage_taken":0},{"event_name":"Vampires","player_choice":"Became a vampire","floor":19,"damage_taken":0},{"event_name":"Addict","player_choice":"Obtained Relic","floor":20,"damage_taken":0},{"event_name":"Wheel of Change","player_choice":"Curse","floor":22,"damage_taken":0}],"boss_relics":[{"not_picked":["Ectoplasm","Pandora\u0027s Box"],"picked":"Black Blood"}],"potions_floor_spawned":[1,11,13,14,23],"seed_played":"5176511092422502064","killed_by":"Centurion and Healer","ascension_level":0,"is_trial":false}