{"path_per_floor":["M","M","?","$","?","R","E","M","T","R","$","M","M","M","R","B",null,"M","M","M","$","?","M","?","M","T","?","M","M","$"],"character_chosen":"IRONCLAD","items_purchased":["Iron Wave","Offering","Regal Pillow","Dramatic Entrance"],"gold_per_floor":[114,131,131,85,85,85,112,127,150,150,6,18,30,46,46,143,143,162,178,191,43,43,57,57,71,71,71,89,108,13,13],"floor_reached":31,"campfire_rested":1,"playtime":3009,"current_hp_per_floor":[77,80,80,80,68,68,39,39,39,39,39,45,35,35,59,13,80,63,67,63,63,63,56,56,26,26,26,20,19,19,0],"items_purged":[],"gold":13,"score":267,"play_id":"0bd43b6a-e020-4fa1-86bb-36a5e4091361","local_time":"20180330004014","is_prod":false,"is_daily":false,"is_ascension_mode":false,"campfire_upgraded":2,"timestamp":1522384814,"path_taken":["M","M","?","$","?","R","E","M","T","R","?","?","M","?","R","BOSS","M","M","M","$","?","M","?","M","T","?","M","?","?","M"],"build_version":"2018-03-29","purchased_purges":1,"victory":false,"master_deck":["Strike_R","Strike_R","Strike_R","Defend_R","Defend_R+1","Defend_R+1","Defend_R","Reaper+1","Corruption+1","Metallicize+1","Rage","Iron Wave","Bash","Whirlwind","Cleave+1","Iron Wave","Armaments+1","Thunderclap","Offering","Bloodletting","Thunderclap","Rage","Offering","Seeing Red","Flex+1","Iron Wave","Iron Wave","Headbutt","Berserk","Dramatic Entrance"],"max_hp_per_floor":[80,80,80,80,80,80,80,80,80,80,80,80,80,80,80,80,80,80,80,80,80,80,80,80,80,80,80,80,80,80,80],"relics":["Astrolabe","Orichalcum","War Paint","Anchor","Sozu","Regal Pillow","Red Skull"],"card_choices":[{"not_picked":["Thunderclap","Inflame"],"picked":"Rage","floor":1.0},{"not_picked":["Body Slam","Sword Boomerang"],"picked":"Iron Wave","floor":2.0},{"not_picked":["Pommel Strike","Anger"],"picked":"Armaments","floor":7.0},{"not_picked":["Iron Wave","Reckless Charge"],"picked":"Thunderclap","floor":8.0},{"not_picked":["Power Through","Body Slam"],"picked":"Bloodletting","floor":12.0},{"not_picked":["Clothesline","True Grit"],"picked":"Thunderclap","floor":13.0},{"not_picked":["Headbutt","Uppercut"],"picked":"Rage","floor":14.0},{"not_picked":["Feed","Bludgeon"],"picked":"Offering","floor":16.0},{"not_picked":["Thunderclap","Pommel Strike"],"picked":"Seeing Red","floor":18},{"not_picked":["Clash","Perfected Strike"],"picked":"Flex","floor":19},{"not_picked":["Twin Strike","Dropkick"],"picked":"Iron Wave","floor":20},{"not_picked":["Shockwave","Warcry"],"picked":"Iron Wave","floor":23},{"not_picked":["Clothesline","Iron Wave"],"picked":"Headbutt","floor":25},{"not_picked":["Twin Strike","Ghostly Armor"],"picked":"Berserk","floor":28}],"player_experience":21954,"potions_floor_usage":[23],"damage_taken":[{"damage":8.0,"enemies":"2 Louse","floor":1.0,"turns":5.0},{"damage":0.0,"enemies":"Cultist","floor":2.0,"turns":6.0},{"damage":36.0,"enemies":"Gremlin Nob","floor":7.0,"turns":8.0},{"damage":0.0,"enemies":"Small Slimes","floor":8.0,"turns":3.0},{"damage":4.0,"enemies":"Exordium Wildlife","floor":12.0,"turns":2.0},{"damage":10.0,"enemies":"Large Slime","floor":13.0,"turns":4.0},{"damage":0.0,"enemies":"Gremlin Gang","floor":14.0,"turns":1.0},{"damage":47.0,"enemies":"The Guardian","floor":16.0,"turns":13.0},{"damage":17,"enemies":"Shell Parasite","floor":18,"turns":3},{"damage":11,"enemies":"3 Byrds","floor":19,"turns":5},{"damage":17,"enemies":"Centurion and Healer","floor":20,"turns":4},{"damage":7,"enemies":"3 Cultists","floor":23,"turns":3},{"damage":52,"enemies":"Chosen and Byrds","floor":25,"turns":8},{"damage":18,"enemies":"Snake Plant","floor":28,"turns":4},{"damage":3,"enemies":"Cultist and Chosen","floor":29,"turns":3},{"damage":23,"enemies":"Snecko","floor":31,"turns":5}],"event_choices":[{"event_name":"Match and Keep!","player_choice":"3 cards matched","floor":3.0,"damage_taken":0.0},{"event_name":"Scrap Ooze","player_choice":"success","floor":5.0,"damage_taken":12.0},{"event_name":"Upgrade Shrine","player_choice":"Upgraded","floor":22,"damage_taken":0},{"event_name":"Ghosts","player_choice":"Ignored","floor":24,"damage_taken":0},{"event_name":"Beggar","player_choice":"Ignored","floor":27,"damage_taken":0}],"boss_relics":[{"not_picked":["Question Card","Snecko Eye"],"picked":"Sozu"}],"potions_floor_spawned":[1,7,8,14,16,18,23,25],"seed_played":"8433905760820684544","killed_by":"Snecko","ascension_level":0,"is_trial":false}