{"path_per_floor":["M","?","M","M","?","R","E","?","T","M","M","R","$","M","R","B",null,"M","?","$","?","M","R","?","M","T","E","R","M","M","M","R"],"character_chosen":"IRONCLAD","items_purchased":["Apotheosis","Shrug It Off"],"gold_per_floor":[113,113,129,143,220,220,248,248,273,293,311,311,29,46,46,143,143,127,52,52,52,64,64,64,81,81,116,116,128,140,151,151,151],"floor_reached":33,"campfire_rested":3,"playtime":2987,"current_hp_per_floor":[46,46,42,45,45,69,53,73,73,79,68,68,68,74,74,55,77,64,64,64,64,72,77,77,68,68,14,43,38,33,39,68,0],"items_purged":["Parasite"],"gold":151,"score":269,"play_id":"59e898dd-2270-4cfb-93c1-67c66c9cf4df","local_time":"20180401234939","is_prod":false,"is_daily":false,"is_ascension_mode":false,"campfire_upgraded":3,"timestamp":1522640979,"path_taken":["M","?","?","M","?","R","E","?","T","M","?","R","$","M","R","BOSS","M","?","$","?","M","R","?","M","T","E","R","M","M","?","R","BOSS"],"build_version":"2018-03-29v2","purchased_purges":1,"victory":false,"master_deck":["Strike_R","Strike_R","Defend_R","Defend_R","Defend_R","Defend_R","Metallicize","Heavy Blade","Twin Strike","Armaments+1","Cleave","Pommel Strike","Apotheosis+1","Shrug It Off","Pommel Strike","Barricade","Bloodletting+1","Metallicize+1","Iron Wave"],"max_hp_per_floor":[80,80,80,80,80,80,80,80,80,80,80,80,77,77,77,77,77,77,77,77,77,77,77,77,77,77,77,77,77,77,77,77,77],"relics":["Burning Blood","Matryoshka","Bag of Marbles","Ancient Tea Set","Eternal Feather","Frozen Egg 2","Omamori","Vajra"],"card_choices":[{"not_picked":["Ghostly Armor","Fiend Fire"],"picked":"Metallicize","floor":1},{"not_picked":["True Grit","Wild Strike"],"picked":"Heavy Blade","floor":3},{"not_picked":["Dual Wield","Metallicize"],"picked":"Twin Strike","floor":4},{"not_picked":["Body Slam","Barricade"],"picked":"Armaments","floor":7},{"not_picked":["Flame Barrier","True Grit"],"picked":"Cleave","floor":10},{"not_picked":["Heavy Blade","Wild Strike"],"picked":"Pommel Strike","floor":11},{"not_picked":["Rampage","Thunderclap"],"picked":"Pommel Strike","floor":14},{"not_picked":["Fiend Fire","Immolate"],"picked":"Barricade","floor":16},{"not_picked":["Warcry","Wild Strike"],"picked":"Bloodletting","floor":22},{"not_picked":["Warcry","Heavy Blade"],"picked":"Metallicize","floor":29},{"not_picked":["Cleave","Wild Strike"],"picked":"Iron Wave","floor":30}],"player_experience":89838,"potions_floor_usage":[7,7,7,11,22,27,31],"damage_taken":[{"damage":0,"enemies":"Small Slimes","floor":1,"turns":3},{"damage":10,"enemies":"Cultist","floor":3,"turns":5},{"damage":3,"enemies":"2 Louse","floor":4,"turns":2},{"damage":22,"enemies":"3 Sentries","floor":7,"turns":10},{"damage":0,"enemies":"2 Fungi Beasts","floor":10,"turns":5},{"damage":17,"enemies":"Exordium Thugs","floor":11,"turns":7},{"damage":0,"enemies":"3 Louse","floor":14,"turns":3},{"damage":25,"enemies":"The Guardian","floor":16,"turns":17},{"damage":19,"enemies":"2 Thieves","floor":18,"turns":4},{"damage":13,"enemies":"Shell Parasite","floor":22,"turns":15},{"damage":15,"enemies":"3 Cultists","floor":25,"turns":6},{"damage":60,"enemies":"Slavers","floor":27,"turns":10},{"damage":11,"enemies":"Snake Plant","floor":29,"turns":8},{"damage":11,"enemies":"Snecko","floor":30,"turns":7},{"damage":15,"enemies":"Chosen and Byrds","floor":31,"turns":10},{"damage":68,"enemies":"Automaton","floor":33,"turns":10}],"event_choices":[{"event_name":"Purifier","player_choice":"One Purge","floor":2,"damage_taken":0},{"event_name":"Golden Wing","player_choice":"Gained Gold","floor":5,"damage_taken":0},{"event_name":"Mushrooms","player_choice":"Healed and dodged fight","floor":8,"damage_taken":0},{"event_name":"Beggar","player_choice":"Gave Gold","floor":19,"damage_taken":0},{"event_name":"Drug Dealer","player_choice":"Ignored","floor":21,"damage_taken":0},{"event_name":"Cursed Tome","player_choice":"Ignored","floor":24,"damage_taken":0}],"boss_relics":[{"not_picked":["Ectoplasm","Pandora\u0027s Box"],"picked":"Eternal Feather"}],"potions_floor_spawned":[1,3,4,10,18,25,30],"seed_played":"-7186176260764696133","killed_by":"Automaton","ascension_level":0,"is_trial":false}