{"path_per_floor":["M","?","?","?","?","R","E","M","T","E","M","E","$","M","R","B",null,"M","$","?","$","M","E","R","M","T","?","M","$","?","M","R","B",null,"M","?","?","?","M","R","?","M","T","R","M","M","$","?","R"],"character_chosen":"IRONCLAD","items_purchased":["Medical Kit"],"gold_per_floor":[111,111,111,111,111,111,147,162,162,203,223,258,183,204,204,334,334,352,252,252,53,68,100,100,112,112,112,126,126,126,137,137,233,233,246,246,246,246,262,262,262,278,302,302,317,336,211,211,211],"floor_reached":50,"campfire_rested":4,"playtime":1570,"current_hp_per_floor":[80,80,73,66,66,66,72,78,78,70,76,48,48,54,54,26,83,83,83,83,83,83,32,59,42,42,42,54,54,54,51,51,51,102,73,73,73,73,42,72,72,46,58,90,88,54,54,54,86],"items_purged":["Defend_R","Defend_R","Armaments"],"gold":211,"score":526,"play_id":"c84331cb-1908-4147-a93d-2971be524464","is_prod":false,"is_daily":false,"is_ascension_mode":true,"campfire_upgraded":3,"path_taken":["M","?","?","?","?","R","E","?","T","E","M","E","$","M","R","BOSS","M","$","?","$","M","E","R","M","T","?","M","$","?","?","R","BOSS","M","?","?","?","?","R","?","M","T","R","M","M","$","?","R","BOSS"],"build_version":"2018-02-22-PROD2","purchased_purges":3,"victory":false,"master_deck":["Strike_R+1","Strike_R+1","Strike_R+1","Strike_R+1","Strike_R+1","Bash+1","Clash+1","Clash+1","Fiend Fire+1","Clash"],"max_hp_per_floor":[80,80,80,80,80,80,80,80,80,80,80,83,83,83,83,83,83,83,83,83,83,83,93,93,93,93,93,99,99,99,99,99,102,102,102,102,102,102,102,102,102,102,109,109,109,109,109,109,109],"relics":["Black Blood","NeowsBlessing","Omamori","Bloody Idol","Happy Flower","Dead Branch","Bag of Marbles","Pantograph","Runic Pyramid","Medical Kit","Pear","Shovel","Strawberry"],"card_choices":[{"not_picked":["Flex","Carnage"],"picked":"Clash"},{"not_picked":["Cleave","Fiend Fire"],"picked":"Clash"},{"not_picked":["Impervious","Offering"],"picked":"Fiend Fire"},{"not_picked":["Cleave","Clothesline"],"picked":"Clash"}],"player_experience":99371,"potions_floor_usage":[12,22,28,42,46],"damage_taken":[{"damage":0,"enemies":"Jaw Worm","floor":1,"turns":1},{"damage":0,"enemies":"3 Sentries","floor":7,"turns":1},{"damage":0,"enemies":"Cultist","floor":8,"turns":1},{"damage":14,"enemies":"Gremlin Nob","floor":10,"turns":3},{"damage":0,"enemies":"2 Louse","floor":11,"turns":2},{"damage":37,"enemies":"3 Sentries","floor":12,"turns":7},{"damage":0,"enemies":"2 Fungi Beasts","floor":14,"turns":2},{"damage":59,"enemies":"The Guardian","floor":16,"turns":7},{"damage":5,"enemies":"Spheric Guardian","floor":18,"turns":3},{"damage":11,"enemies":"2 Thieves","floor":22,"turns":3},{"damage":72,"enemies":"Gremlin Leader","floor":23,"turns":8},{"damage":28,"enemies":"Snake Plant","floor":25,"turns":3},{"damage":5,"enemies":"3 Cultists","floor":28,"turns":3},{"damage":14,"enemies":"Chosen and Byrds","floor":31,"turns":4},{"damage":39,"enemies":"Champ","floor":33,"turns":8},{"damage":44,"enemies":"3 Shapes","floor":35,"turns":3},{"damage":46,"enemies":"3 Darklings","floor":39,"turns":5},{"damage":41,"enemies":"4 Shapes","floor":42,"turns":7},{"damage":17,"enemies":"Maw","floor":45,"turns":5},{"damage":49,"enemies":"Sphere and 2 Shapes","floor":46,"turns":4},{"damage":113,"enemies":"Awakened One","floor":50,"turns":9}],"event_choices":[{"event_name":"Match and Keep!","player_choice":"1 cards matched","floor":2,"damage_taken":0},{"event_name":"Scrap Ooze","player_choice":"success","floor":3,"damage_taken":7},{"event_name":"Golden Wing","player_choice":"Card Removal","floor":4,"damage_taken":0},{"event_name":"Golden Idol","player_choice":"Take Wound","floor":5,"damage_taken":0},{"event_name":"Forgotten Altar","player_choice":"Gave Idol","floor":20,"damage_taken":0},{"event_name":"The Mausoleum","player_choice":"No","floor":27,"damage_taken":0},{"event_name":"Back to Basics","player_choice":"Simplicity","floor":30,"damage_taken":0},{"event_name":"Tomb of Lord Red Mask","player_choice":"Ignored","floor":37,"damage_taken":0},{"event_name":"Upgrade Shrine","player_choice":"Upgraded","floor":38,"damage_taken":0},{"event_name":"Transmorgrifier","player_choice":"Transform","floor":41,"damage_taken":0},{"event_name":"Mysterious Sphere","player_choice":"Ignore","floor":48,"damage_taken":0}],"boss_relics":[{"not_picked":["White Beast Statue","Snecko Eye"],"picked":"Runic Pyramid"},{"not_picked":["Calling Bell","Runic Cube"],"picked":"Black Blood"}],"potions_floor_spawned":[8,10,11,16,18,25,33,45],"seed_played":"-5143835686501854809","killed_by":"Awakened One","ascension_level":1,"is_trial":false}