{"path_per_floor":["M","M","?","?","?","R","$","M","T","M","R","M","?","M","R","B",null,"M","M","$","M","M"],"character_chosen":"IRONCLAD","items_purchased":[],"gold_per_floor":[112,122,122,122,122,122,122,147,147,165,165,185,185,199,199,323,323,337,356,281,294,318],"floor_reached":23,"campfire_rested":0,"playtime":658,"current_hp_per_floor":[80,79,74,74,67,67,67,73,73,74,74,70,70,74,74,25,74,72,72,72,49,35],"items_purged":["Defend_R"],"gold":318,"score":185,"play_id":"516efa83-702a-4f5a-b37d-6ad03c3becea","is_prod":false,"is_daily":false,"is_ascension_mode":false,"campfire_upgraded":3,"path_taken":["M","M","?","?","?","R","$","?","T","M","R","M","?","M","R","BOSS","M","M","$","M","M","E"],"build_version":"2018-02-22-PROD2","purchased_purges":2,"victory":false,"master_deck":["Strike_R","Strike_R","Strike_R","Strike_R","Strike_R","Defend_R","Bash","Fiend Fire+1","Shockwave+1","Juggernaut","Flex+1","Sentinel","Dark Embrace","Dropkick"],"max_hp_per_floor":[80,80,74,74,74,74,74,74,74,74,74,74,74,74,74,74,74,74,74,74,74,74],"relics":["Burning Blood","Golden Idol","Orichalcum","Sozu"],"card_choices":[{"not_picked":["Pommel Strike","Thunderclap"],"picked":"Shockwave"},{"not_picked":["Cleave","Iron Wave"],"picked":"Flex"},{"not_picked":["Rampage","Ghostly Armor"],"picked":"Sentinel"},{"not_picked":["Exhume","Impervious"],"picked":"Dark Embrace"},{"not_picked":["True Grit","Heavy Blade"],"picked":"Dropkick"}],"player_experience":132613,"potions_floor_usage":[14,16,16,18],"damage_taken":[{"damage":6,"enemies":"2 Louse","floor":1,"turns":2},{"damage":7,"enemies":"Small Slimes","floor":2,"turns":3},{"damage":0,"enemies":"Cultist","floor":8,"turns":3},{"damage":2,"enemies":"3 Louse","floor":10,"turns":5},{"damage":10,"enemies":"Large Slime","floor":12,"turns":2},{"damage":0,"enemies":"Exordium Wildlife","floor":14,"turns":2},{"damage":55,"enemies":"The Guardian","floor":16,"turns":12},{"damage":8,"enemies":"3 Byrds","floor":18,"turns":5},{"damage":6,"enemies":"Shell Parasite","floor":19,"turns":4},{"damage":29,"enemies":"Centurion and Healer","floor":21,"turns":5},{"damage":20,"enemies":"Slaver and Parasite","floor":22,"turns":4},{"damage":37,"enemies":"Gremlin Leader","floor":23,"turns":5}],"event_choices":[{"event_name":"Golden Idol","player_choice":"Lose Max HP","floor":3,"damage_taken":0},{"event_name":"Transmorgrifier","player_choice":"Transform","floor":4,"damage_taken":0},{"event_name":"Golden Wing","player_choice":"Card Removal","floor":5,"damage_taken":0},{"event_name":"The Lab","player_choice":"Got Potions","floor":13,"damage_taken":0}],"boss_relics":[{"not_picked":["Runic Dome","Black Star"],"picked":"Sozu"}],"potions_floor_spawned":[1,10,16,21,22],"seed_played":"2424008518615527430","killed_by":"Gremlin Leader","ascension_level":0,"is_trial":false}