{"path_per_floor":["M","?","T","M","?","R","M","R","T","M","?","R","M","M","R","B",null,"M","$","M","$","M","E","?","E","T","R","$","M","M","$","R"],"character_chosen":"IRONCLAD","items_purchased":["Clash","Whetstone"],"gold_per_floor":[117,117,117,135,135,135,154,154,177,193,193,193,206,221,221,344,344,364,91,110,10,34,68,68,111,111,111,111,124,145,20,20],"floor_reached":33,"campfire_rested":1,"playtime":689,"current_hp_per_floor":[80,80,80,80,60,60,59,59,59,60,60,60,64,70,70,27,80,80,80,80,80,71,73,73,29,29,29,29,12,14,14,38],"items_purged":["Defend_R","Defend_R","Defend_R"],"gold":20,"score":319,"play_id":"57ba32c0-346a-4fe8-a4ad-63f99b91a524","is_prod":false,"is_daily":false,"is_ascension_mode":true,"campfire_upgraded":5,"path_taken":["M","?","?","?","?","R","M","R","T","M","?","R","M","?","R","BOSS","M","$","M","?","M","E","?","E","T","R","$","?","M","$","R","BOSS"],"build_version":"2018-02-22-PROD2","purchased_purges":3,"victory":false,"master_deck":["Strike_R+1","Strike_R","Strike_R","Strike_R+1","Strike_R+1","Defend_R+1","Bash","Clash+1","Whirlwind+1","Clash","Flex+1","Offering+1","Fire Breathing+1","Clash+1","Heavy Blade+1","Seeing Red"],"max_hp_per_floor":[80,80,80,80,80,80,80,80,80,80,80,80,80,80,80,80,80,80,80,80,80,80,80,80,80,80,80,80,80,80,80,80],"relics":["Burning Blood","Bag of Preparation","Golden Idol","Lantern","Sozu","Whetstone","Blue Candle","Prayer Wheel","Champion Belt"],"card_choices":[{"not_picked":["Sentinel","True Grit"],"picked":"Clash"},{"not_picked":["Hemokinesis","Rage"],"picked":"Whirlwind"},{"not_picked":["Perfected Strike","Pommel Strike"],"picked":"Clash"},{"not_picked":["Berserk","Havoc"],"picked":"Flex"},{"not_picked":["Feed","Berserk"],"picked":"Offering"},{"not_picked":["Entrench","Battle Trance"],"picked":"Fire Breathing"},{"not_picked":["Thunderclap","Anger"],"picked":"Heavy Blade"},{"not_picked":["Perfected Strike","Iron Wave"],"picked":"Seeing Red"}],"player_experience":112549,"potions_floor_usage":[16,16,18,33],"damage_taken":[{"damage":6,"enemies":"Cultist","floor":1,"turns":4},{"damage":6,"enemies":"2 Louse","floor":4,"turns":2},{"damage":7,"enemies":"Jaw Worm","floor":7,"turns":3},{"damage":5,"enemies":"Exordium Thugs","floor":10,"turns":2},{"damage":2,"enemies":"Large Slime","floor":13,"turns":3},{"damage":0,"enemies":"Exordium Wildlife","floor":14,"turns":1},{"damage":49,"enemies":"The Guardian","floor":16,"turns":10},{"damage":0,"enemies":"3 Byrds","floor":18,"turns":2},{"damage":4,"enemies":"Shell Parasite","floor":20,"turns":1},{"damage":15,"enemies":"Snake Plant","floor":22,"turns":2},{"damage":4,"enemies":"Slavers","floor":23,"turns":1},{"damage":50,"enemies":"Book of Stabbing","floor":25,"turns":4},{"damage":23,"enemies":"Slaver and Parasite","floor":29,"turns":3},{"damage":4,"enemies":"Centurion and Healer","floor":30,"turns":1},{"damage":38,"enemies":"Automaton","floor":33,"turns":4}],"event_choices":[{"event_name":"Living Wall","player_choice":"Grow","floor":2,"damage_taken":0},{"event_name":"Golden Idol","player_choice":"Take Damage","floor":5,"damage_taken":0},{"event_name":"Dead Adventurer","player_choice":"Searched \u00271\u0027 times","floor":11,"damage_taken":0},{"event_name":"Drug Dealer","player_choice":"Ignored","floor":24,"damage_taken":0}],"boss_relics":[{"not_picked":["Ectoplasm","Eternal Feather"],"picked":"Sozu"}],"potions_floor_spawned":[1,7,13,16,18,20,23,29],"seed_played":"3089015969116343390","killed_by":"Automaton","ascension_level":3,"is_trial":false}