{"path_per_floor":["M","M","M","$","M","$","R","?","T","M","?","M","R","M","R","B",null,"M","$","?","?","?","R","M","R","T","M"],"character_chosen":"IRONCLAD","items_purchased":["Flame Barrier","Fire Potion"],"gold_per_floor":[109,128,147,69,82,82,82,82,108,124,124,149,149,163,163,289,289,310,186,286,286,286,286,299,299,323,343],"floor_reached":28,"campfire_rested":2,"playtime":752,"current_hp_per_floor":[68,68,58,58,45,45,45,45,45,37,37,37,59,59,74,50,74,55,55,55,55,55,55,50,50,50,34],"items_purged":["Strike_R"],"gold":343,"score":210,"play_id":"0ebfe198-7435-48dc-a11e-ecfceba562ad","local_time":"20180308225136","is_prod":false,"is_daily":false,"is_ascension_mode":false,"campfire_upgraded":3,"timestamp":1520571096,"path_taken":["M","M","M","$","M","$","R","?","T","M","?","M","R","M","R","BOSS","M","$","?","?","?","R","?","R","T","M","M"],"build_version":"2018-03-01-PROD1","purchased_purges":1,"victory":false,"master_deck":["Strike_R","Strike_R","Strike_R","Defend_R","Defend_R","Defend_R","Defend_R","Bash","Entrench","Body Slam+1","Flame Barrier+1","Shrug It Off","Entrench","Whirlwind+1","Pain"],"max_hp_per_floor":[80,80,80,80,80,80,80,74,74,74,74,74,74,74,74,74,74,74,74,74,74,74,74,74,74,74,74],"relics":["Mark of Pain","Golden Idol","Ancient Tea Set","Cursed Key","Orichalcum"],"card_choices":[{"not_picked":["Burning Pact","Second Wind"],"picked":"Entrench"},{"not_picked":["Cleave","Battle Trance"],"picked":"Body Slam"},{"not_picked":["Uppercut","Clash"],"picked":"Shrug It Off"},{"not_picked":["Cleave","Twin Strike"],"picked":"Entrench"},{"not_picked":["Wild Strike","Iron Wave"],"picked":"Whirlwind"}],"player_experience":153845,"potions_floor_usage":[16,16,24],"damage_taken":[{"damage":12,"enemies":"Small Slimes","floor":1,"turns":3},{"damage":0,"enemies":"2 Louse","floor":2,"turns":2},{"damage":10,"enemies":"Cultist","floor":3,"turns":4},{"damage":13,"enemies":"Exordium Thugs","floor":5,"turns":6},{"damage":8,"enemies":"Large Slime","floor":10,"turns":5},{"damage":0,"enemies":"Blue Slaver","floor":12,"turns":3},{"damage":0,"enemies":"Lots of Slimes","floor":14,"turns":5},{"damage":39,"enemies":"The Guardian","floor":16,"turns":15},{"damage":19,"enemies":"Shell Parasite","floor":18,"turns":10},{"damage":5,"enemies":"Chosen","floor":24,"turns":4},{"damage":16,"enemies":"Snake Plant","floor":27,"turns":4},{"damage":3,"enemies":"Sentry and Sphere","floor":28,"turns":2}],"event_choices":[{"event_name":"Golden Idol","player_choice":"Lose Max HP","floor":8,"damage_taken":0},{"event_name":"Liars Game","player_choice":"disagreed","floor":11,"damage_taken":0},{"event_name":"Golden Shrine","player_choice":"Pray","floor":20,"damage_taken":0},{"event_name":"The Mausoleum","player_choice":"No","floor":21,"damage_taken":0},{"event_name":"Bonfire Elementals","player_choice":"BASIC","floor":22,"damage_taken":0}],"boss_relics":[{"not_picked":["White Beast Statue","Question Card"],"picked":"Cursed Key"}],"potions_floor_spawned":[1,10,12,14],"seed_played":"43987195362902431","killed_by":"Sentry and Sphere","ascension_level":0,"is_trial":false}