{"path_per_floor":["M","?","?","$","M","E","R","?","T","M","E","M","M","$","R","B",null,"M","?","$","?","M","R","E","R","T","R","E","M","E","$","R","B",null,"M","M","$","?","?","R","M","E","T","M","E","R","M","M","R"],"character_chosen":"IRONCLAD","items_purchased":["Heavy Blade","Pummel","Whetstone","Flex","Bag of Preparation"],"gold_per_floor":[117,117,117,63,81,112,112,212,212,228,266,286,305,157,157,288,288,308,308,17,17,35,35,68,68,116,116,154,172,211,55,55,183,183,197,211,86,86,86,86,110,149,222,246,282,282,305,326,326],"floor_reached":50,"campfire_rested":4,"playtime":1080,"current_hp_per_floor":[80,80,74,74,74,74,74,74,74,74,32,41,47,47,69,18,74,67,67,67,67,66,66,62,62,62,62,50,64,45,45,69,24,83,76,60,60,50,50,74,62,46,46,63,55,80,77,89,89],"items_purged":["Defend_R","Defend_R","Defend_R"],"gold":326,"score":767,"play_id":"ea376487-b841-48e8-a8b7-bd36fe22d6ff","local_time":"20180316225304","is_prod":false,"is_daily":false,"is_ascension_mode":true,"campfire_upgraded":5,"timestamp":1521258784,"path_taken":["M","?","?","$","?","E","R","?","T","M","E","M","?","$","R","BOSS","M","?","$","?","M","R","E","R","T","R","E","M","E","?","R","BOSS","M","M","$","?","?","R","M","E","T","M","E","R","M","M","R","BOSS"],"build_version":"2018-03-15v2","purchased_purges":3,"victory":false,"master_deck":["Strike_R","Strike_R","Strike_R+1","Strike_R","Strike_R+1","Defend_R","Bash","Twin Strike","Heavy Blade+1","Flex+1","Heavy Blade+1","Feed","Inflame+1","Pummel","Offering+1","Flex+1","Battle Trance+1","Twin Strike+1","Madness","Madness","Thunderclap+1","Sword Boomerang","Heavy Blade+1"],"max_hp_per_floor":[80,80,74,74,74,74,74,74,74,74,74,74,74,74,74,74,74,74,74,74,74,77,77,80,80,80,80,80,83,83,83,83,83,83,83,83,83,83,83,83,83,83,83,86,86,86,86,89,89],"relics":["Burning Blood","NeowsBlessing","Golden Idol","Bag of Marbles","Magic Flower","Darkstone Periapt","Velvet Choker","Whetstone","Girya","Oddly Smooth Stone","Prayer Wheel","Ancient Tea Set","Bag of Preparation","Black Star","Meat on the Bone","Smiling Mask","Matryoshka","Shovel","Gambling Chip"],"card_choices":[{"not_picked":["Headbutt","Second Wind"],"picked":"Twin Strike"},{"not_picked":["Armaments","Perfected Strike"],"picked":"Flex"},{"not_picked":["Entrench","Perfected Strike"],"picked":"Heavy Blade"},{"not_picked":["Seeing Red","Iron Wave"],"picked":"Feed"},{"not_picked":["Carnage","Flame Barrier"],"picked":"Inflame"},{"not_picked":["Brutality","Berserk"],"picked":"Offering"},{"not_picked":["Body Slam","Metallicize"],"picked":"Battle Trance"},{"not_picked":["Clothesline","Flex"],"picked":"Twin Strike"},{"not_picked":["Uppercut","Combust"],"picked":"Thunderclap"},{"not_picked":["Corruption","Havoc"],"picked":"Sword Boomerang"},{"not_picked":["Spot Weakness","Barricade"],"picked":"Heavy Blade"}],"player_experience":192684,"potions_floor_usage":[36,42,45,50],"damage_taken":[{"damage":0.0,"enemies":"Small Slimes","floor":1.0,"turns":1.0},{"damage":0.0,"enemies":"2 Louse","floor":5.0,"turns":1.0},{"damage":0.0,"enemies":"Gremlin Nob","floor":6.0,"turns":1.0},{"damage":0.0,"enemies":"Cultist","floor":10.0,"turns":2.0},{"damage":51.0,"enemies":"Lagavulin","floor":11.0,"turns":6.0},{"damage":0.0,"enemies":"Large Slime","floor":12.0,"turns":2.0},{"damage":3.0,"enemies":"Exordium Thugs","floor":13.0,"turns":2.0},{"damage":60.0,"enemies":"Hexaghost","floor":16.0,"turns":6.0},{"damage":16.0,"enemies":"3 Byrds","floor":18.0,"turns":3.0},{"damage":15.0,"enemies":"2 Thieves","floor":22.0,"turns":2.0},{"damage":18.0,"enemies":"Slavers","floor":24.0,"turns":3.0},{"damage":21.0,"enemies":"Book of Stabbing","floor":28.0,"turns":3.0},{"damage":0.0,"enemies":"Snecko","floor":29.0,"turns":2.0},{"damage":28.0,"enemies":"Gremlin Leader","floor":30.0,"turns":3.0},{"damage":54.0,"enemies":"Automaton","floor":33.0,"turns":6.0},{"damage":16,"enemies":"Orb Walker","floor":35,"turns":3},{"damage":25,"enemies":"3 Darklings","floor":36,"turns":3},{"damage":21,"enemies":"Maw","floor":41,"turns":5},{"damage":25,"enemies":"Giant Head","floor":42,"turns":5},{"damage":15,"enemies":"Sphere and 2 Shapes","floor":44,"turns":3},{"damage":17,"enemies":"2 Orb Walkers","floor":45,"turns":2},{"damage":12,"enemies":"4 Shapes","floor":47,"turns":2},{"damage":0,"enemies":"3 Darklings","floor":48,"turns":2},{"damage":94,"enemies":"Awakened One","floor":50,"turns":3}],"event_choices":[{"event_name":"Liars Game","player_choice":"disagreed","floor":2.0,"damage_taken":0.0},{"event_name":"Golden Idol","player_choice":"Lose Max HP","floor":3.0,"damage_taken":0.0},{"event_name":"Golden Shrine","player_choice":"Pray","floor":8.0,"damage_taken":0.0},{"event_name":"Accursed Blacksmith","player_choice":"Forge","floor":19.0,"damage_taken":0.0},{"event_name":"The Mausoleum","player_choice":"No","floor":21.0,"damage_taken":0.0},{"event_name":"Winding Halls","player_choice":"Embrace Madness","floor":38,"damage_taken":0},{"event_name":"Mysterious Sphere","player_choice":"Ignore","floor":39,"damage_taken":0}],"boss_relics":[{"not_picked":["Runic Cube","Runic Pyramid"],"picked":"Black Star"}],"potions_floor_spawned":[6,11,16,22,24,28,36,41,42,44,48],"seed_played":"5107406192437823041","killed_by":"Awakened One","ascension_level":4,"is_trial":false}