{"path_per_floor":["M","M","?","?","$","M","M","R","T","?","R","E","M","M","R","B",null,"M","M","$","?","M","R","$","M","T","?","R","M","R","$","R","B",null,"M","M","M","M","M","R","$","R","T","M","?","M","R","M","R"],"character_chosen":"IRONCLAD","items_purchased":["Lantern","Corruption","Offering"],"gold_per_floor":[110,123,223,223,35,52,72,72,72,96,96,131,143,163,163,264,264,264,234,94,94,94,94,19,19,19,19,19,19,19,19,19,19,19,19,19,19,19,19,19,19,19,19,19,19,19,19,19,19,19],"floor_reached":50,"campfire_rested":3,"playtime":1300,"current_hp_per_floor":[80,76,76,81,81,84,85,85,85,69,69,46,48,44,69,50,85,67,62,62,62,58,58,58,59,59,59,59,57,57,57,82,21,85,85,85,85,69,49,49,49,74,74,76,76,68,68,71,71,0],"items_purged":["Corruption"],"gold":19,"score":473,"play_id":"35afcca9-1cbf-46db-98f3-ce2e8beab936","local_time":"20180417022650","is_prod":false,"is_daily":false,"chose_seed":false,"is_ascension_mode":false,"campfire_upgraded":8,"timestamp":1523950010,"path_taken":["M","M","?","?","$","M","M","R","T","?","R","E","?","M","R","BOSS","M","M","$","?","M","R","$","M","T","?","R","M","R","$","R","BOSS","M","M","M","M","M","R","$","R","T","M","?","M","R","M","R","BOSS"],"build_version":"2018-04-12","seed_source_timestamp":107913043947478,"purchased_purges":1,"victory":false,"master_deck":["Strike_R","Strike_R","Strike_R","Strike_R","Strike_R","Defend_R","Defend_R+1","Defend_R","Defend_R+1","Bash","Rampage+1","Rage+1","Rage+1","Twin Strike","Clothesline","Perfected Strike+1","Dual Wield+1","Pommel Strike","Offering+1","Pommel Strike","Offering+1","Perfected Strike+1","Headbutt","Perfected Strike+1","Shockwave","Perfected Strike+1","Pommel Strike+1"],"max_hp_per_floor":[80,80,80,85,85,85,85,85,85,85,85,85,85,85,85,85,85,85,85,85,85,85,85,85,85,85,85,85,85,85,85,85,85,85,85,85,85,85,85,85,85,85,85,85,85,85,85,85,85,85],"relics":["Black Blood","Lantern","Art of War","Odd Mushroom","War Paint","Ectoplasm","Gremlin Horn","Regal Pillow"],"card_choices":[{"not_picked":["Battle Trance","Clash"],"picked":"Rampage","floor":1},{"not_picked":["Clash","Twin Strike"],"picked":"Rage","floor":2},{"not_picked":["Wild Strike","Body Slam"],"picked":"Rage","floor":6},{"not_picked":["Warcry","Power Through"],"picked":"Twin Strike","floor":7},{"not_picked":["Pommel Strike","Carnage"],"picked":"Clothesline","floor":10},{"not_picked":["Rage","Headbutt"],"picked":"Perfected Strike","floor":12},{"not_picked":["Reckless Charge","Armaments"],"picked":"Dual Wield","floor":13},{"not_picked":["Armaments","Clothesline"],"picked":"Pommel Strike","floor":14},{"not_picked":["Immolate","Demon Form"],"picked":"Offering","floor":16},{"not_picked":["Warcry","Armaments"],"picked":"Pommel Strike","floor":18},{"not_picked":["Sever Soul","Sword Boomerang"],"picked":"Perfected Strike","floor":22},{"not_picked":["Body Slam","Pommel Strike"],"picked":"Headbutt","floor":25},{"not_picked":["Warcry","Spot Weakness"],"picked":"Perfected Strike","floor":35},{"not_picked":["Cleave","True Grit"],"picked":"Shockwave","floor":37},{"not_picked":["Dual Wield","True Grit"],"picked":"Perfected Strike","floor":39},{"not_picked":["Havoc","Intimidate"],"picked":"Pommel Strike","floor":46}],"player_experience":262397,"potions_floor_usage":[7,12,33,50,50,50],"damage_taken":[{"damage":0,"enemies":"Small Slimes","floor":1,"turns":4},{"damage":10,"enemies":"Cultist","floor":2,"turns":4},{"damage":3,"enemies":"2 Louse","floor":6,"turns":2},{"damage":1,"enemies":"Exordium Wildlife","floor":7,"turns":5},{"damage":22,"enemies":"The Mushroom Lair","floor":10,"turns":5},{"damage":44,"enemies":"Lagavulin","floor":12,"turns":7},{"damage":4,"enemies":"2 Fungi Beasts","floor":13,"turns":3},{"damage":10,"enemies":"Looter","floor":14,"turns":2},{"damage":25,"enemies":"Slime Boss","floor":16,"turns":11},{"damage":24,"enemies":"Spheric Guardian","floor":18,"turns":4},{"damage":11,"enemies":"2 Thieves","floor":19,"turns":3},{"damage":10,"enemies":"Snake Plant","floor":22,"turns":3},{"damage":5,"enemies":"Centurion and Healer","floor":25,"turns":3},{"damage":8,"enemies":"Snecko","floor":29,"turns":2},{"damage":67,"enemies":"Automaton","floor":33,"turns":8},{"damage":4,"enemies":"Orb Walker","floor":35,"turns":1},{"damage":4,"enemies":"3 Darklings","floor":36,"turns":3},{"damage":4,"enemies":"Sphere and 2 Shapes","floor":37,"turns":1},{"damage":26,"enemies":"Maw","floor":38,"turns":5},{"damage":30,"enemies":"4 Shapes","floor":39,"turns":3},{"damage":8,"enemies":"Sphere and 2 Shapes","floor":44,"turns":1},{"damage":18,"enemies":"Maw","floor":46,"turns":5},{"damage":7,"enemies":"4 Shapes","floor":48,"turns":3},{"damage":92,"enemies":"Time Eater","floor":50,"turns":6}],"event_choices":[{"event_name":"Golden Shrine","player_choice":"Pray","floor":3,"damage_taken":0},{"event_name":"Big Fish","player_choice":"Donut","floor":4,"damage_taken":0},{"event_name":"Mushrooms","player_choice":"Fought Mushrooms","floor":10,"damage_taken":0},{"event_name":"Vampires","player_choice":"Ignored","floor":21,"damage_taken":0},{"event_name":"Addict","player_choice":"Ignored","floor":27,"damage_taken":0},{"event_name":"Mysterious Sphere","player_choice":"Ignore","floor":45,"damage_taken":0}],"boss_relics":[{"not_picked":["Eternal Feather","Philosopher\u0027s Stone"],"picked":"Ectoplasm"},{"not_picked":["Runic Pyramid","Mark of Pain"],"picked":"Black Blood"}],"potions_floor_spawned":[1,2,6,10,22,29,33,37,38,44,46],"seed_played":"2318659203139085223","killed_by":"Time Eater","ascension_level":0,"is_trial":false}