{"path_per_floor":["M","M","M","$","M","E","?","$","T","E","R","M","R","M","R","B",null,"M","M","?","$","?","E","M","E","T","?","$","M","E","$","R","B",null,"M","M","$","?","?","R","M","R","T","R","?","M","R","M","R","B"],"character_chosen":"IRONCLAD","items_purchased":["Armaments","Centennial Puzzle","Oddly Smooth Stone","Sever Soul"],"gold_per_floor":[114,127,139,13,25,51,51,1,301,334,334,350,350,367,367,472,472,487,499,499,201,201,236,248,306,306,306,22,42,69,19,19,124,124,137,148,98,0,55,55,71,71,71,71,71,82,82,95,95,95],"floor_reached":51,"campfire_rested":2,"playtime":2565,"current_hp_per_floor":[80,80,80,80,77,71,71,71,71,57,57,56,80,80,80,71,80,80,80,80,80,80,70,79,79,79,79,79,80,66,66,66,73,80,80,62,62,62,67,67,67,67,67,67,80,39,63,72,72,10],"items_purged":["Defend_R","Regret","Strike_R","Writhe","Strike_R","Normality"],"gold":95,"play_id":"64e5ac30-c1d8-438c-9ac9-40dfa75be988","is_prod":false,"is_daily":false,"is_ascension_mode":false,"campfire_upgraded":4,"path_taken":["M","M","M","$","M","E","?","?","T","E","R","M","R","M","R","BOSS","M","M","?","$","?","E","M","E","T","?","$","M","E","?","R","BOSS","M","M","$","?","?","R","M","R","T","R","?","?","R","M","R","BOSS"],"build_version":"2018-01-25-PROD3","purchased_purges":6,"victory":true,"master_deck":["Strike_R+1","Strike_R+1","Strike_R+1","Defend_R+1","Defend_R+1","Defend_R+1","Bash+1","Clash","Clash","Clothesline+1","Armaments+1","Cleave","Pommel Strike","Dropkick","Thunderclap","Thunderclap+1","Dropkick+1","Rampage+1","Sever Soul","Second Wind+1","Double Tap+1","Decay","Pain","Clash","Warcry+1","Writhe"],"max_hp_per_floor":[80,80,80,80,80,80,80,80,80,80,80,80,80,80,80,80,80,80,80,80,80,80,80,80,80,80,80,80,80,80,80,80,80,80,80,80,80,80,80,80,80,80,80,80,80,80,80,80,80,80],"relics":["Burning Blood","Smiling Mask","Magic Flower","Old Coin","Mercury Hourglass","Sozu","Centennial Puzzle","Vajra","Tiny Chest","Gremlin Horn","Happy Flower","Oddly Smooth Stone","Pantograph","Calling Bell","Ginger","Kunai","Girya","Red Mask","Du-Vu Doll","Anchor"],"card_choices":[{"not_picked":["Sentinel","Anger"],"picked":"Clash"},{"not_picked":["Searing Blow","Inflame"],"picked":"Clash"},{"not_picked":["Reckless Charge","Heavy Blade"],"picked":"Clothesline"},{"not_picked":["Clash","Clothesline"],"picked":"Cleave"},{"not_picked":["Dark Embrace","Havoc"],"picked":"Pommel Strike"},{"not_picked":["Second Wind","Cleave"],"picked":"Dropkick"},{"not_picked":["Havoc","Whirlwind"],"picked":"Thunderclap"},{"not_picked":["True Grit","Whirlwind"],"picked":"Thunderclap"},{"not_picked":["Sword Boomerang","Heavy Blade"],"picked":"Dropkick"},{"not_picked":["Clash","Shrug It Off"],"picked":"Rampage"},{"not_picked":["Shockwave","Thunderclap"],"picked":"Second Wind"},{"not_picked":["Brutality","Dark Embrace"],"picked":"Double Tap"},{"not_picked":["Perfected Strike","Spot Weakness"],"picked":"Clash"},{"not_picked":["Clash","Cleave"],"picked":"Warcry"}],"player_experience":48740,"potions_floor_usage":[5,10],"damage_taken":[{"damage":0,"enemies":"Small Slimes","floor":1,"turns":3},{"damage":1,"enemies":"Jaw Worm","floor":2,"turns":3},{"damage":0,"enemies":"2 Louse","floor":3,"turns":2},{"damage":9,"enemies":"Exordium Thugs","floor":5,"turns":4},{"damage":12,"enemies":"3 Sentries","floor":6,"turns":4},{"damage":23,"enemies":"Lagavulin","floor":10,"turns":7},{"damage":10,"enemies":"Large Slime","floor":12,"turns":4},{"damage":5,"enemies":"Looter","floor":14,"turns":2},{"damage":18,"enemies":"Slime Boss","floor":16,"turns":6},{"damage":0,"enemies":"3 Byrds","floor":18,"turns":4},{"damage":5,"enemies":"Shell Parasite","floor":19,"turns":2},{"damage":19,"enemies":"Slavers","floor":23,"turns":4},{"damage":0,"enemies":"Centurion and Healer","floor":24,"turns":3},{"damage":9,"enemies":"Book of Stabbing","floor":25,"turns":3},{"damage":1,"enemies":"Chosen and Byrds","floor":29,"turns":3},{"damage":23,"enemies":"Slavers","floor":30,"turns":3},{"damage":16,"enemies":"Collector","floor":33,"turns":6},{"damage":0,"enemies":"Orb Walker","floor":35,"turns":2},{"damage":27,"enemies":"3 Shapes","floor":36,"turns":2},{"damage":4,"enemies":"Mysterious Sphere","floor":39,"turns":3},{"damage":9,"enemies":"3 Darklings","floor":41,"turns":2},{"damage":50,"enemies":"Sphere and 2 Shapes","floor":46,"turns":4},{"damage":0,"enemies":"4 Shapes","floor":48,"turns":1},{"damage":79,"enemies":"Donu and Deca","floor":50,"turns":8}],"event_choices":[{"event_name":"Big Fish","player_choice":"Box","floor":7,"damage_taken":0},{"event_name":"Back to Basics","player_choice":"Simplicity","floor":20,"damage_taken":0},{"event_name":"Vampires","player_choice":"Ignored","floor":22,"damage_taken":0},{"event_name":"The Mausoleum","player_choice":"Yes","floor":27,"damage_taken":0},{"event_name":"Tomb of Lord Red Mask","player_choice":"Paid","floor":38,"damage_taken":0},{"event_name":"Mysterious Sphere","player_choice":"Fight","floor":39,"damage_taken":0},{"event_name":"Winding Halls","player_choice":"Writhe","floor":45,"damage_taken":0}],"boss_relics":[{"not_picked":["Orrery","Runic Pyramid"],"picked":"Sozu"},{"not_picked":["Tiny House","Snecko Eye"],"picked":"Calling Bell"}],"potions_floor_spawned":[1,6,14,18,19,29,33,46,48],"seed_played":"3398545075724154655","ascension_level":0,"is_trial":false}