{"path_per_floor":["M","?","M","M","$","E","R","E","T","M","$","R","E","?","R","B",null,"M","$","?","M","M","R","E","$","T"],"character_chosen":"IRONCLAD","items_purchased":["Shrug It Off","Shuriken"],"gold_per_floor":[118,118,133,144,91,116,116,147,174,190,140,140,175,125,125,225,225,239,0,0,10,25,25,51,1,24],"floor_reached":27,"campfire_rested":3,"playtime":759,"current_hp_per_floor":[76,76,78,80,80,54,78,57,57,60,60,60,32,32,56,36,80,79,79,79,60,22,46,9,9,9],"items_purged":["Strike_R","Strike_R"],"gold":24,"score":286,"play_id":"620581e1-eb0f-4136-9ac2-9a0c696d042c","is_prod":false,"is_daily":false,"is_ascension_mode":true,"campfire_upgraded":1,"path_taken":["M","?","M","M","$","E","R","E","T","M","$","R","E","?","R","BOSS","M","$","?","M","?","R","E","$","T","M"],"build_version":"2018-02-15-PROD1","purchased_purges":2,"victory":false,"master_deck":["Strike_R","Strike_R","Strike_R","Defend_R","Defend_R","Defend_R","Bash","Spot Weakness+1","Shrug It Off","Pommel Strike+1","Pommel Strike","Demon Form+1","Seeing Red","Cleave","Armaments+1","Heavy Blade+1","Thunderclap+1"],"max_hp_per_floor":[80,80,80,80,80,80,80,80,80,80,80,80,80,80,80,80,80,80,80,80,80,80,80,80,80,80],"relics":["Burning Blood","Omamori","Smiling Mask","Frozen Egg 2","Dream Catcher","Bag of Preparation","Runic Cube","Shuriken","Vajra","Oddly Smooth Stone"],"card_choices":[{"not_picked":["Uppercut","Pummel"],"picked":"Spot Weakness"},{"not_picked":["Warcry","Feed"],"picked":"Pommel Strike"},{"not_picked":["Iron Wave","Flex"],"picked":"Pommel Strike"},{"not_picked":["Havoc","Clothesline"],"picked":"Demon Form"},{"not_picked":["Thunderclap","Uppercut"],"picked":"Seeing Red"},{"not_picked":["Iron Wave","Warcry"],"picked":"Cleave"},{"not_picked":["Dual Wield","Havoc"],"picked":"Armaments"},{"not_picked":["Combust","Clash"],"picked":"Heavy Blade"},{"not_picked":["Dropkick","Reaper"],"picked":"Thunderclap"}],"player_experience":99554,"potions_floor_usage":[10,13,16,24],"damage_taken":[{"damage":10,"enemies":"Small Slimes","floor":1,"turns":3},{"damage":4,"enemies":"Jaw Worm","floor":3,"turns":4},{"damage":4,"enemies":"2 Louse","floor":4,"turns":3},{"damage":32,"enemies":"Lagavulin","floor":6,"turns":6},{"damage":27,"enemies":"3 Sentries","floor":8,"turns":7},{"damage":3,"enemies":"Looter","floor":10,"turns":2},{"damage":34,"enemies":"Gremlin Nob","floor":13,"turns":5},{"damage":41,"enemies":"Hexaghost","floor":16,"turns":7},{"damage":7,"enemies":"Chosen","floor":18,"turns":5},{"damage":25,"enemies":"3 Byrds","floor":21,"turns":5},{"damage":44,"enemies":"Centurion and Healer","floor":22,"turns":4},{"damage":43,"enemies":"Book of Stabbing","floor":24,"turns":5},{"damage":18,"enemies":"Snecko","floor":27,"turns":2}],"event_choices":[{"event_name":"Living Wall","player_choice":"Grow","floor":2,"damage_taken":0},{"event_name":"The Cleric","player_choice":"Card Removal","floor":14,"damage_taken":0},{"event_name":"Vampires","player_choice":"Ignored","floor":20,"damage_taken":0}],"boss_relics":[{"not_picked":["Lizard Tail","White Beast Statue"],"picked":"Runic Cube"}],"potions_floor_spawned":[1,3,13,22,24],"seed_played":"1514172988835584673","killed_by":"Snecko","ascension_level":3,"is_trial":false}