{"path_per_floor":["M","M","M","?","M","R","E","M","T","M","E","?","R","M","R","B",null,"M","?","M","$","?","E","R","E","T","?","M","R","M","M","R"],"character_chosen":"IRONCLAD","items_purchased":["War Paint","Bottled Lightning"],"gold_per_floor":[110,129,147,147,167,167,194,214,214,224,249,249,249,263,263,358,358,370,370,386,4,4,39,39,68,68,68,84,84,104,114,114],"floor_reached":33,"campfire_rested":4,"playtime":1284,"current_hp_per_floor":[72,72,72,72,63,72,32,26,26,32,32,32,32,35,56,37,72,72,72,61,61,61,80,80,11,11,11,13,37,39,30,54],"items_purged":[],"gold":114,"score":299,"play_id":"35f1005e-9de1-4538-9e69-d8b859a7769a","is_prod":false,"is_daily":false,"is_ascension_mode":false,"campfire_upgraded":2,"path_taken":["M","M","M","?","?","R","E","M","T","?","E","?","R","M","R","BOSS","M","?","?","?","?","E","R","E","T","?","M","R","M","M","R","BOSS"],"build_version":"2018-02-15-PROD1","purchased_purges":0,"victory":false,"master_deck":["Strike_R","Strike_R","Strike_R","Strike_R","Strike_R","Defend_R","Defend_R","Defend_R","Defend_R","Bash","Cleave","Shrug It Off+1","Fiend Fire","Clash","Armaments+1","Offering+1","Shrug It Off+1","Impervious","Cleave","Pommel Strike+1","Warcry+1","Shrug It Off+1"],"max_hp_per_floor":[72,72,72,72,72,72,72,72,72,72,72,72,72,72,72,72,72,72,72,72,72,72,82,82,82,82,82,82,82,82,82,82],"relics":["Burning Blood","Red Skull","Dodecahedron","Blue Candle","Gremlin Horn","Ornamental Fan","Orrery","War Paint","Bottled Lightning","Pear","Happy Flower","Ice Cream"],"card_choices":[{"not_picked":["Iron Wave","Headbutt"],"picked":"Cleave"},{"not_picked":["Pommel Strike","Anger"],"picked":"Shrug It Off"},{"not_picked":["Wild Strike","Uppercut"],"picked":"Fiend Fire"},{"not_picked":["Iron Wave","Wild Strike"],"picked":"Clash"},{"not_picked":["Feel No Pain","Juggernaut"],"picked":"Armaments"},{"not_picked":["Fiend Fire","Limit Break"],"picked":"Offering"},{"not_picked":["Disarm","Twin Strike"],"picked":"Shrug It Off"},{"not_picked":["Second Wind","Armaments"],"picked":"Cleave"},{"not_picked":["Armaments","Inflame"],"picked":"Pommel Strike"},{"not_picked":["Havoc","Body Slam"],"picked":"Warcry"},{"not_picked":["Wild Strike","Armaments"],"picked":"Shrug It Off"}],"player_experience":100313,"potions_floor_usage":[33,33,33],"damage_taken":[{"damage":6.0,"enemies":"2 Louse","floor":1.0,"turns":3.0},{"damage":6.0,"enemies":"Cultist","floor":2.0,"turns":3.0},{"damage":2.0,"enemies":"Small Slimes","floor":3.0,"turns":3.0},{"damage":15.0,"enemies":"Gremlin Gang","floor":5.0,"turns":5.0},{"damage":46.0,"enemies":"3 Sentries","floor":7.0,"turns":9.0},{"damage":12.0,"enemies":"Lots of Slimes","floor":8.0,"turns":4.0},{"damage":0.0,"enemies":"3 Louse","floor":10.0,"turns":1.0},{"damage":6.0,"enemies":"Gremlin Nob","floor":11.0,"turns":3.0},{"damage":3.0,"enemies":"Exordium Wildlife","floor":14.0,"turns":4.0},{"damage":25.0,"enemies":"The Guardian","floor":16.0,"turns":8.0},{"damage":4.0,"enemies":"Shell Parasite","floor":18.0,"turns":4.0},{"damage":17.0,"enemies":"3 Byrds","floor":20.0,"turns":7.0},{"damage":9.0,"enemies":"Slavers","floor":23.0,"turns":5.0},{"damage":75.0,"enemies":"Gremlin Leader","floor":25.0,"turns":8.0},{"damage":4.0,"enemies":"Snecko","floor":28.0,"turns":3.0},{"damage":4,"enemies":"Centurion and Healer","floor":30,"turns":2},{"damage":15,"enemies":"Chosen and Byrds","floor":31,"turns":5},{"damage":96,"enemies":"Champ","floor":33,"turns":15}],"event_choices":[{"event_name":"Accursed Blacksmith","player_choice":"Rummage","floor":4.0,"damage_taken":0.0},{"event_name":"Fountain of Cleansing","player_choice":"Removed Curse","floor":12.0,"damage_taken":0.0},{"event_name":"Match and Keep!","player_choice":"1 cards matched","floor":19.0,"damage_taken":0.0},{"event_name":"Match and Keep!","player_choice":"1 cards matched","floor":19.0,"damage_taken":0.0},{"event_name":"Drug Dealer","player_choice":"Ignored","floor":22.0,"damage_taken":0.0},{"event_name":"The Lab","player_choice":"Got Potions","floor":27.0,"damage_taken":0.0}],"boss_relics":[],"potions_floor_spawned":[3,10,11,16,20,30,31],"seed_played":"4647170266967573677","killed_by":"Champ","ascension_level":0,"is_trial":false}