{"path_per_floor":["M","M","M","?","M","E","R","M","T","E","?","E","M","M","R","B",null,"M","M","$","$","?","E","R","E","T","R","M","M","$","$","R"],"character_chosen":"IRONCLAD","items_purchased":["Orichalcum","Tiny Chest"],"gold_per_floor":[113,123,141,141,159,194,194,206,275,301,301,328,348,359,359,456,456,476,490,264,44,44,79,79,109,136,136,153,164,114,64,64],"floor_reached":33,"campfire_rested":3,"playtime":1399,"current_hp_per_floor":[76,80,80,80,80,64,64,47,47,51,51,47,62,63,80,21,80,59,34,34,34,34,27,53,43,43,69,77,73,73,73,73],"items_purged":["Strike_R","Strike_R","Defend_R","Strike_R"],"gold":64,"score":338,"play_id":"0a327bc3-f429-487f-a221-7dca3a2d94e6","is_prod":false,"is_daily":false,"is_ascension_mode":true,"campfire_upgraded":2,"path_taken":["M","M","M","?","M","E","R","M","T","E","?","E","M","M","R","BOSS","M","M","?","$","?","E","R","E","T","R","M","M","?","$","R","BOSS"],"build_version":"2018-02-12-PROD1","purchased_purges":4,"victory":false,"master_deck":["Defend_R","Defend_R","Defend_R","Bash","Headbutt+1","Reaper","Cleave","Cleave","Pommel Strike","Seeing Red+1","Thunderclap+1","Feed+1","Shrug It Off+1","Shrug It Off+1","Shrug It Off+1"],"max_hp_per_floor":[80,80,80,80,80,80,80,80,80,80,80,80,80,80,80,80,80,84,88,88,88,88,88,88,88,88,88,88,92,92,92,92],"relics":["Burning Blood","Blood Vial","Molten Egg 2","Darkstone Periapt","Pen Nib","Velvet Choker","Orichalcum","Tiny Chest","Smiling Mask","Dream Catcher","Art of War"],"card_choices":[{"not_picked":["Flex","Reckless Charge"],"picked":"Headbutt"},{"not_picked":["Blood for Blood","Warcry"],"picked":"Reaper"},{"not_picked":["Body Slam","Havoc"],"picked":"Cleave"},{"not_picked":["Rupture","Anger"],"picked":"Cleave"},{"not_picked":["Dual Wield","Cleave"],"picked":"Pommel Strike"},{"not_picked":["Cleave","Evolve"],"picked":"Seeing Red"},{"not_picked":["Fire Breathing","Twin Strike"],"picked":"Thunderclap"},{"not_picked":["Brutality","Demon Form"],"picked":"Feed"},{"not_picked":["Perfected Strike","True Grit"],"picked":"Shrug It Off"},{"not_picked":["Headbutt","Evolve"],"picked":"Shrug It Off"},{"not_picked":["Ghostly Armor","Corruption"],"picked":"Shrug It Off"}],"player_experience":92423,"potions_floor_usage":[5,6,10,13,18,23,23,28],"damage_taken":[{"damage":10,"enemies":"Small Slimes","floor":1,"turns":4},{"damage":2,"enemies":"2 Louse","floor":2,"turns":3},{"damage":1,"enemies":"Cultist","floor":3,"turns":3},{"damage":0,"enemies":"Lots of Slimes","floor":5,"turns":1},{"damage":25,"enemies":"3 Sentries","floor":6,"turns":8},{"damage":31,"enemies":"Large Slime","floor":8,"turns":6},{"damage":8,"enemies":"Gremlin Nob","floor":10,"turns":4},{"damage":20,"enemies":"3 Sentries","floor":12,"turns":6},{"damage":1,"enemies":"Exordium Thugs","floor":13,"turns":3},{"damage":7,"enemies":"Lots of Slimes","floor":14,"turns":2},{"damage":66,"enemies":"The Guardian","floor":16,"turns":10},{"damage":35,"enemies":"2 Thieves","floor":18,"turns":4},{"damage":37,"enemies":"Shell Parasite","floor":19,"turns":6},{"damage":15,"enemies":"Book of Stabbing","floor":23,"turns":5},{"damage":36,"enemies":"Gremlin Leader","floor":25,"turns":8},{"damage":6,"enemies":"Snake Plant","floor":28,"turns":3},{"damage":28,"enemies":"Centurion and Healer","floor":29,"turns":5},{"damage":98,"enemies":"Champ","floor":33,"turns":14}],"event_choices":[{"event_name":"Liars Game","player_choice":"disagreed","floor":4,"damage_taken":0},{"event_name":"Living Wall","player_choice":"Grow","floor":11,"damage_taken":0},{"event_name":"Back to Basics","player_choice":"Elegance","floor":22,"damage_taken":0}],"boss_relics":[{"not_picked":["Eternal Feather","Question Card"],"picked":"Velvet Choker"}],"potions_floor_spawned":[2,3,8,10,13,16,18,25],"seed_played":"-5115284770266776280","killed_by":"Champ","ascension_level":2,"is_trial":false}