{"path_per_floor":["M","$","M","M","$","E","R","M","T","R","M","M","?","M","R","B",null,"M","M","?","$","?","R","E","R","T","R","M","?","$","M","R","B",null,"M","M","?","M","?","R","M","?","T","M","$","R","M","?","R"],"character_chosen":"IRONCLAD","items_purchased":["Whirlwind","Master of Strategy","Demon Form","Seeing Red"],"gold_per_floor":[111,42,62,80,5,31,31,42,42,42,54,66,66,81,81,184,184,197,217,217,6,6,6,38,38,38,38,52,52,52,72,72,177,177,188,200,200,212,212,212,232,232,232,251,7,7,21,21,21],"floor_reached":50,"campfire_rested":2,"playtime":1271,"current_hp_per_floor":[80,80,80,80,80,76,76,68,68,68,63,62,62,61,89,9,94,82,76,67,67,55,55,58,58,58,58,65,49,49,39,61,13,75,78,67,67,62,62,62,64,64,64,84,84,84,84,73,73],"items_purged":["Strike_R"],"gold":21,"score":440,"play_id":"40073b56-ca79-4363-880b-2a244ca90d46","is_prod":false,"is_daily":false,"is_ascension_mode":false,"campfire_upgraded":8,"path_taken":["M","?","M","M","?","E","R","M","T","R","?","M","?","M","R","BOSS","M","M","?","$","?","R","E","R","T","R","M","?","?","M","R","BOSS","M","M","?","?","?","R","M","?","T","M","$","R","M","?","R","BOSS"],"build_version":"2018-02-22-PROD2","purchased_purges":2,"victory":false,"master_deck":["Defend_R","Defend_R","Defend_R","Defend_R","Bash","Cleave","Whirlwind+1","Thunderclap+1","Clash","Feed","Dropkick+1","Bite+1","Bite+1","Bite+1","Bite+1","Master of Strategy","Clash","Flex","Panacea","Offering","Shrug It Off+1","Battle Trance","Spot Weakness+1","Demon Form+1","Seeing Red","Combust+1","Madness","Madness+1"],"max_hp_per_floor":[80,80,80,80,80,94,94,94,94,94,94,94,94,94,94,94,94,97,97,67,67,72,72,72,72,72,72,75,75,75,75,75,75,75,78,81,81,81,81,81,81,81,81,84,84,84,84,84,84],"relics":["Black Blood","Bag of Marbles","Mango","Bird Faced Urn","Runic Dome","Pantograph","Mummified Hand","Magic Flower"],"card_choices":[{"not_picked":["Iron Wave","Twin Strike"],"picked":"Cleave"},{"not_picked":["Inflame","Warcry"],"picked":"Thunderclap"},{"not_picked":["Power Through","Rampage"],"picked":"Clash"},{"not_picked":["Impervious","Immolate"],"picked":"Feed"},{"not_picked":["Corruption","Shockwave"],"picked":"Dropkick"},{"not_picked":["Bloodletting","Headbutt"],"picked":"Clash"},{"not_picked":["Sever Soul","Reaper"],"picked":"Flex"},{"not_picked":["Dark Embrace","Feed"],"picked":"Offering"},{"not_picked":["Feel No Pain","Searing Blow"],"picked":"Shrug It Off"},{"not_picked":["Thunderclap","Sword Boomerang"],"picked":"Battle Trance"},{"not_picked":["Body Slam","Flame Barrier"],"picked":"Spot Weakness"},{"not_picked":["Shrug It Off","Rage"],"picked":"Combust"}],"player_experience":122144,"potions_floor_usage":[11,16,16,24,24,50,50,50],"damage_taken":[{"damage":6,"enemies":"Cultist","floor":1,"turns":3},{"damage":6,"enemies":"Jaw Worm","floor":3,"turns":3},{"damage":0,"enemies":"Small Slimes","floor":4,"turns":2},{"damage":24,"enemies":"3 Sentries","floor":6,"turns":3},{"damage":14,"enemies":"Gremlin Gang","floor":8,"turns":3},{"damage":11,"enemies":"Exordium Wildlife","floor":11,"turns":2},{"damage":7,"enemies":"Blue Slaver","floor":12,"turns":2},{"damage":7,"enemies":"2 Fungi Beasts","floor":14,"turns":3},{"damage":86,"enemies":"The Guardian","floor":16,"turns":14},{"damage":21,"enemies":"Spheric Guardian","floor":18,"turns":4},{"damage":12,"enemies":"Shell Parasite","floor":19,"turns":3},{"damage":15,"enemies":"Book of Stabbing","floor":24,"turns":3},{"damage":18,"enemies":"Centurion and Healer","floor":28,"turns":4},{"damage":21,"enemies":"Snake Plant","floor":31,"turns":2},{"damage":96,"enemies":"Automaton","floor":33,"turns":9},{"damage":4,"enemies":"Orb Walker","floor":35,"turns":1},{"damage":32,"enemies":"3 Shapes","floor":36,"turns":3},{"damage":23,"enemies":"3 Darklings","floor":38,"turns":3},{"damage":8,"enemies":"4 Shapes","floor":41,"turns":1},{"damage":6,"enemies":"Maw","floor":44,"turns":5},{"damage":7,"enemies":"3 Darklings","floor":47,"turns":3},{"damage":118,"enemies":"Time Eater","floor":50,"turns":5}],"event_choices":[{"event_name":"The Lab","player_choice":"Got Potions","floor":13,"damage_taken":0},{"event_name":"Vampires","player_choice":"Became a vampire","floor":20,"damage_taken":0},{"event_name":"Forgotten Altar","player_choice":"Shed Blood","floor":22,"damage_taken":0},{"event_name":"Knowing Skull","player_choice":"CARD ","floor":29,"damage_taken":0},{"event_name":"Tomb of Lord Red Mask","player_choice":"Ignored","floor":39,"damage_taken":0},{"event_name":"Accursed Blacksmith","player_choice":"Ignore","floor":42,"damage_taken":0},{"event_name":"Winding Halls","player_choice":"Embrace Madness","floor":48,"damage_taken":0}],"boss_relics":[{"not_picked":["Eternal Feather","Snecko Eye"],"picked":"Runic Dome"},{"not_picked":["Calling Bell","Runic Cube"],"picked":"Black Blood"}],"potions_floor_spawned":[6,8,11,12,19,28,41,47],"seed_played":"-7322458006828196657","killed_by":"Time Eater","ascension_level":0,"is_trial":false}