{"path_per_floor":["M","M","M","?","M","E","M","R","T","?","R","M","R","$","R","B",null,"M","?","M","$"],"character_chosen":"IRONCLAD","items_purchased":["Membership Card"],"gold_per_floor":[119,134,151,151,162,189,159,159,159,159,159,172,172,97,97,197,197,210,210,222,30],"floor_reached":22,"campfire_rested":0,"playtime":459,"current_hp_per_floor":[80,80,79,79,76,65,65,65,65,65,65,63,63,63,63,46,80,28,28,17,17],"items_purged":["Strike_R"],"gold":30,"score":184,"play_id":"2e5a71e3-d2cb-45b4-b92f-82f4b4dc22a2","local_time":"20180313211718","is_prod":false,"is_daily":false,"is_ascension_mode":false,"campfire_upgraded":4,"timestamp":1521001038,"path_taken":["M","M","M","?","M","E","M","R","T","?","R","M","R","$","R","BOSS","M","?","M","$","M"],"build_version":"2018-03-09","purchased_purges":1,"victory":false,"master_deck":["Strike_R","Strike_R","Strike_R","Strike_R+1","Defend_R","Defend_R","Defend_R","Bash+1","Reaper","Shrug It Off+1","Dropkick+1","Double Tap","Whirlwind+1","Feel No Pain"],"max_hp_per_floor":[80,80,80,80,80,80,80,80,80,80,80,80,80,80,80,80,80,80,80,80,80],"relics":["Cursed Key","Bird Faced Urn","Philosopher\u0027s Stone","Membership Card"],"card_choices":[{"not_picked":["Combust","Rage"],"picked":"Reaper"},{"not_picked":["Thunderclap","Corruption"],"picked":"Shrug It Off"},{"not_picked":["Warcry","Armaments"],"picked":"Dropkick"},{"not_picked":["Exhume","Brutality"],"picked":"Double Tap"},{"not_picked":["Flame Barrier","Flex"],"picked":"Whirlwind"}],"player_experience":144138,"potions_floor_usage":[6],"damage_taken":[{"damage":0,"enemies":"Small Slimes","floor":1,"turns":2},{"damage":6,"enemies":"Jaw Worm","floor":2,"turns":3},{"damage":1,"enemies":"Cultist","floor":3,"turns":3},{"damage":4,"enemies":"Exordium Wildlife","floor":5,"turns":4},{"damage":15,"enemies":"Gremlin Nob","floor":6,"turns":4},{"damage":0,"enemies":"Looter","floor":7,"turns":4},{"damage":6,"enemies":"Red Slaver","floor":12,"turns":4},{"damage":23,"enemies":"Slime Boss","floor":16,"turns":7},{"damage":59,"enemies":"3 Byrds","floor":18,"turns":5},{"damage":21,"enemies":"2 Thieves","floor":20,"turns":3},{"damage":31,"enemies":"Snake Plant","floor":22,"turns":3}],"event_choices":[{"event_name":"Scrap Ooze","player_choice":"unsuccessful","floor":4,"damage_taken":0},{"event_name":"Purifier","player_choice":"One Purge","floor":10,"damage_taken":0},{"event_name":"Transmorgrifier","player_choice":"Transform","floor":19,"damage_taken":0}],"boss_relics":[{"not_picked":["Lizard Tail","Question Card"],"picked":"Philosopher\u0027s Stone"}],"potions_floor_spawned":[1,3,6,18,20],"seed_played":"1860286604366813000","killed_by":"Snake Plant","ascension_level":0,"is_trial":false}