{"path_per_floor":["M","?","M","M","$","E","M","R","T","M","T","R","M","M","R","B",null,"M","?","$","?","?","R","M","R","T","E","R","$","R","M","R","B",null,"M","M","$","M","T","R"],"character_chosen":"THE_SILENT","items_purchased":["Peace Pipe"],"gold_per_floor":[112,112,129,139,64,98,116,116,116,135,188,188,206,218,218,319,319,333,361,65,65,65,65,84,84,107,142,142,42,42,55,55,157,157,168,181,181,198,198,198],"floor_reached":41,"campfire_rested":1,"playtime":3023,"current_hp_per_floor":[70,56,56,56,56,26,28,28,28,29,29,29,31,33,33,7,70,69,43,43,43,43,43,45,45,45,31,31,31,31,33,54,36,70,63,56,56,45,45,45],"items_purged":["Strike_G","Defend_G"],"gold":198,"play_id":"68c5b2d3-a48f-4c10-9c7b-193736b12d50","is_prod":false,"is_daily":false,"campfire_rituals":0,"campfire_upgraded":4,"is_hardmode":false,"path_taken":["M","?","M","M","?","E","M","R","T","?","?","R","M","M","R","BOSS","M","?","?","?","?","R","?","R","T","E","R","$","R","M","R","BOSS","M","M","$","M","?","R","E"],"build_version":"2018-01-01-BETA1","purchased_purges":3,"victory":false,"master_deck":["Defend_G","Defend_G","Defend_G","Strike_G","Survivor","Neutralize","Dagger Throw","Cloak And Dagger","Dagger Throw","Dagger Throw","Unload","Terror","Backflip","Venomology","Writhe"],"max_hp_per_floor":[70,70,70,70,70,70,70,70,70,70,70,70,70,70,70,70,70,70,70,70,70,70,70,70,70,70,70,70,70,70,70,70,70,70,70,70,70,70,70,70],"relics":["Ring of the Snake","Blood Vial","Du-Vu Doll","Oddly Smooth Stone","Runic Dome","Red Mask","Peace Pipe","Bag of Marbles","Molten Egg","Cursed Key"],"campfire_meditates":0,"card_choices":[{"not_picked":["Blur","Sucker Punch"],"picked":"Dagger Throw"},{"not_picked":["Outmaneuver","Masterful Stab"],"picked":"Cloak And Dagger"},{"not_picked":["Quick Slash","Sucker Punch"],"picked":"Dagger Throw"},{"not_picked":["Caltrops","Riddle With Holes"],"picked":"Dagger Throw"},{"not_picked":["A Thousand Cuts","Storm of Steel"],"picked":"Unload"},{"not_picked":["Masterful Stab","Dagger Spray"],"picked":"Terror"},{"not_picked":["Poisoned Stab","Cloak And Dagger"],"picked":"Backflip"},{"not_picked":["Glass Knife","Storm of Steel"],"picked":"Venomology"}],"player_experience":290488,"potions_floor_usage":[16,18,27,27,33,36,38,41],"damage_taken":[{"damage":0,"enemies":"Jaw Worm","floor":1,"turns":5},{"damage":0,"enemies":"Small Slimes","floor":3,"turns":4},{"damage":0,"enemies":"Cultist","floor":4,"turns":3},{"damage":30,"enemies":"3 Sentries","floor":6,"turns":9},{"damage":0,"enemies":"Exordium Wildlife","floor":7,"turns":4},{"damage":1,"enemies":"Exordium Thugs","floor":10,"turns":5},{"damage":0,"enemies":"2 Fungi Beasts","floor":13,"turns":3},{"damage":0,"enemies":"3 Louse","floor":14,"turns":3},{"damage":28,"enemies":"The Guardian","floor":16,"turns":9},{"damage":1,"enemies":"2 Thieves","floor":18,"turns":4},{"damage":27,"enemies":"Masked Bandits","floor":19,"turns":6},{"damage":0,"enemies":"Chosen","floor":24,"turns":3},{"damage":16,"enemies":"Book of Stabbing","floor":27,"turns":5},{"damage":0,"enemies":"Snecko","floor":31,"turns":4},{"damage":20,"enemies":"Automaton","floor":33,"turns":8},{"damage":7,"enemies":"3 Darklings","floor":35,"turns":6},{"damage":18,"enemies":"3 Shapes","floor":36,"turns":4},{"damage":13,"enemies":"Maw","floor":38,"turns":6},{"damage":65,"enemies":"Nemesis","floor":41,"turns":9}],"event_choices":[{"event_name":"Shining Light","player_choice":"Entered Light","floor":2,"damage_taken":0},{"event_name":"Masked Bandits","player_choice":"Fought over 333 gold","floor":19,"damage_taken":0},{"event_name":"Cursed Tome","player_choice":"Ignored","floor":21,"damage_taken":0},{"event_name":"Vampires","player_choice":"Ignored","floor":22,"damage_taken":0}],"boss_relics":[{"not_picked":["Black Star","The Specimen"],"picked":"Runic Dome"},{"not_picked":["Snecko Eye","Orrery"],"picked":"Cursed Key"}],"potions_floor_spawned":[6,7,14,19,24,27,38],"seed_played":"-5118645127438434717","killed_by":"Nemesis","is_trial":false}