{"path_per_floor":["M","?","$","?","?","$","M","$","T","M","R","M","?","E","R","B",null,"M","M","M","$","M","R","M","R","T","R","?","M","M","M","R"],"character_chosen":"THE_SILENT","items_purchased":["Dagger Spray","Bandage Up"],"gold_per_floor":[114,114,39,39,39,39,58,32,32,46,46,57,57,90,90,186,186,199,209,229,34,44,44,62,62,62,62,62,78,88,100,100],"floor_reached":33,"campfire_rested":2,"playtime":3220,"current_hp_per_floor":[70,75,75,68,68,68,67,67,67,67,67,65,65,71,71,18,75,60,59,52,52,56,56,33,33,33,55,55,36,40,41,63],"items_purged":["Strike_G","Strike_G"],"gold":100,"play_id":"1b56d095-0493-4c5f-8df3-769d56f77d41","is_prod":false,"is_daily":false,"campfire_rituals":0,"campfire_upgraded":4,"is_hardmode":false,"path_taken":["M","?","$","?","?","?","M","$","T","?","R","M","?","E","R","BOSS","M","M","M","$","M","R","?","R","T","R","?","M","?","?","R","BOSS"],"build_version":"2017-12-29-BETA1","purchased_purges":2,"victory":false,"master_deck":["Defend_G","Defend_G","Defend_G","Defend_G","Defend_G","Strike_G","Strike_G","Survivor","Neutralize","Dagger Throw","Injury","Flying Knee","Dagger Spray","Tactician","Dagger Throw","Tools of the Trade","Dodge and Roll","Reflex","Acrobatics","Bandage Up","Escape Plan","Backflip","Dagger Throw"],"max_hp_per_floor":[70,75,75,75,75,75,75,75,75,75,75,75,75,75,75,75,75,75,75,75,75,75,75,75,75,75,75,75,75,75,75,75],"relics":["Ring of the Snake","Pen Nib","Happy Flower","Bag of Marbles","Sozu","Calipers"],"campfire_meditates":0,"card_choices":[{"not_picked":["Calculated Gamble","Deadly Poison"],"picked":"Dagger Throw"},{"not_picked":["PiercingWail","Poisoned Stab"],"picked":"Flying Knee"},{"not_picked":["Dodge and Roll","Dagger Throw"],"picked":"Tactician"},{"not_picked":["Flying Knee","Well Laid Plans"],"picked":"Dagger Throw"},{"not_picked":["Doppelganger","Envenom"],"picked":"Tools of the Trade"},{"not_picked":["Dagger Throw","Deflect"],"picked":"Dodge and Roll"},{"not_picked":["Deadly Poison","Cloak And Dagger"],"picked":"Reflex"},{"not_picked":["Poisoned Stab","Grand Finale"],"picked":"Acrobatics"},{"not_picked":["Distraction","Dagger Spray"],"picked":"Escape Plan"},{"not_picked":["Outmaneuver","Quick Slash"],"picked":"Backflip"},{"not_picked":["Dodge and Roll","Dagger Spray"],"picked":"Dagger Throw"}],"player_experience":221649,"potions_floor_usage":[14,14,16],"damage_taken":[{"damage":0,"enemies":"Small Slimes","floor":1,"turns":4},{"damage":1,"enemies":"Cultist","floor":7,"turns":5},{"damage":0,"enemies":"2 Louse","floor":10,"turns":2},{"damage":2,"enemies":"Looter","floor":12,"turns":4},{"damage":3,"enemies":"Lagavulin","floor":14,"turns":5},{"damage":53,"enemies":"Hexaghost","floor":16,"turns":10},{"damage":15,"enemies":"Spheric Guardian","floor":18,"turns":5},{"damage":1,"enemies":"Chosen","floor":19,"turns":4},{"damage":7,"enemies":"Snake Plant","floor":20,"turns":5},{"damage":0,"enemies":"Snecko","floor":22,"turns":5},{"damage":27,"enemies":"Slaver and Parasite","floor":24,"turns":8},{"damage":23,"enemies":"Sentry and Sphere","floor":29,"turns":8},{"damage":0,"enemies":"Snake Plant","floor":30,"turns":6},{"damage":3,"enemies":"Centurion and Healer","floor":31,"turns":7},{"damage":70,"enemies":"Champ","floor":33,"turns":16}],"event_choices":[{"event_name":"Big Fish","player_choice":"Donut","floor":2,"damage_taken":0},{"event_name":"Scrap Ooze","player_choice":"success","floor":4,"damage_taken":7},{"event_name":"Accursed Blacksmith","player_choice":"Forge","floor":5,"damage_taken":0},{"event_name":"Living Wall","player_choice":"Forget","floor":13,"damage_taken":0},{"event_name":"Drug Dealer","player_choice":"Ignored","floor":28,"damage_taken":0}],"boss_relics":[{"not_picked":["Cursed Key","Runic Pyramid"],"picked":"Sozu"}],"potions_floor_spawned":[7,14,22,24,30,31],"seed_played":"-5023746025057902443","killed_by":"Champ","is_trial":false}