{"path_per_floor":["M","?","M","$","$","E","?","R","T","M","R","M","R","$","R","B",null,"M","?","M","?","$","R","M","M","T","E"],"character_chosen":"THE_SILENT","items_purchased":["Bandage Up"],"gold_per_floor":[111,61,77,77,2,37,58,58,81,91,91,110,110,10,10,110,110,124,124,136,136,36,36,54,64,87,122],"floor_reached":28,"campfire_rested":0,"playtime":1447,"current_hp_per_floor":[70,70,70,70,70,46,37,37,37,37,37,37,37,37,37,10,70,68,68,63,63,63,63,65,38,38,11],"items_purged":["Defend_G","Strike_G"],"gold":122,"play_id":"41735e28-1151-4241-a742-555d21723f57","is_prod":false,"is_daily":false,"campfire_rituals":0,"campfire_upgraded":5,"is_hardmode":false,"path_taken":["M","?","?","?","$","E","?","R","T","M","R","M","R","$","R","BOSS","M","?","M","?","$","R","M","M","T","E","M"],"build_version":"2018-01-01-BETA1","purchased_purges":4,"victory":false,"master_deck":["Defend_G","Defend_G","Defend_G","Strike_G","Survivor","Neutralize","Predator","Dagger Throw","All Out Attack","Dagger Throw","Dagger Throw","Underhanded Strike","Terror","Concentrate","Prepared","Underhanded Strike","Bandage Up","Calculated Gamble"],"max_hp_per_floor":[70,70,70,70,70,70,70,70,70,70,70,70,70,70,70,70,70,70,70,70,70,70,70,70,70,70,70],"relics":["Astrolabe","Bottled Flame","Odd Mushroom","Juzu Bracelet","Question Card","Lantern","Gambling Chip"],"campfire_meditates":0,"card_choices":[{"not_picked":["Quick Slash","Flying Knee"],"picked":"Dagger Throw"},{"not_picked":["Dodge and Roll","Backflip"],"picked":"Dagger Throw"},{"not_picked":["Infinite Blades","Finisher"],"picked":"Underhanded Strike"},{"not_picked":["Cloak And Dagger","PiercingWail"],"picked":"Terror"},{"not_picked":["Dodge and Roll","Deflect"],"picked":"Concentrate"},{"not_picked":["Acrobatics","Slice","Dodge and Roll"],"picked":"Prepared"},{"not_picked":["Flying Knee","Well Laid Plans","Masterful Stab"],"picked":"Underhanded Strike"},{"not_picked":["Dodge and Roll","Distraction","Dagger Throw"],"picked":"Calculated Gamble"}],"player_experience":274299,"potions_floor_usage":[6,27],"damage_taken":[{"damage":0,"enemies":"Cultist","floor":1,"turns":3},{"damage":0,"enemies":"Jaw Worm","floor":3,"turns":3},{"damage":24,"enemies":"3 Sentries","floor":6,"turns":4},{"damage":9,"enemies":"The Mushroom Lair","floor":7,"turns":3},{"damage":0,"enemies":"Blue Slaver","floor":10,"turns":2},{"damage":0,"enemies":"2 Fungi Beasts","floor":12,"turns":1},{"damage":27,"enemies":"The Guardian","floor":16,"turns":7},{"damage":2,"enemies":"Spheric Guardian","floor":18,"turns":3},{"damage":5,"enemies":"3 Byrds","floor":20,"turns":3},{"damage":2,"enemies":"Centurion and Healer","floor":24,"turns":4},{"damage":31,"enemies":"Slaver and Parasite","floor":25,"turns":4},{"damage":31,"enemies":"Slavers","floor":27,"turns":6},{"damage":16,"enemies":"Snecko","floor":28,"turns":3}],"event_choices":[{"event_name":"The Cleric","player_choice":"Card Removal","floor":2,"damage_taken":0},{"event_name":"Mushrooms","player_choice":"Fought Mushrooms","floor":7,"damage_taken":0},{"event_name":"Beggar","player_choice":"Ignored","floor":19,"damage_taken":0},{"event_name":"Vampires","player_choice":"Ignored","floor":21,"damage_taken":0}],"boss_relics":[{"not_picked":["Sozu","Philosopher\u0027s Stone"],"picked":"Question Card"}],"potions_floor_spawned":[1,3,20,25,27],"seed_played":"-2721788457675157678","killed_by":"Snecko","is_trial":false}