{"path_per_floor":["M","T","M","M","$","?","R","?","T","M","M","R","M","M","R","B",null,"M","?","M","M","M","R","M","R","T","$","M","T","$","E","R","B",null,"M","$","?","$","?","E","R","M","T","?","E","M","T","M","R","B"],"character_chosen":"THE_SILENT","items_purchased":["Dagger Throw","Leg Sweep","Vajra","Reflex"],"gold_per_floor":[111,161,174,184,24,24,24,54,54,66,82,82,96,115,115,215,215,227,227,239,256,275,275,291,291,291,36,55,135,75,103,103,205,205,224,124,124,4,54,85,85,96,145,0,32,46,71,83,83,83],"floor_reached":51,"campfire_rested":2,"playtime":3093,"current_hp_per_floor":[66,66,66,66,66,59,59,59,59,59,59,59,59,58,58,29,70,61,61,52,41,38,38,38,38,38,38,29,29,29,35,56,13,80,82,82,82,82,66,69,69,71,71,71,51,51,51,51,92,22],"items_purged":["Strike_G","Strike_G","Defend_G","Strike_G"],"gold":83,"play_id":"0d183ca2-3046-4b51-9c70-caf7e5859367","is_prod":false,"is_daily":false,"campfire_rituals":0,"campfire_upgraded":6,"is_hardmode":false,"path_taken":["M","?","M","?","$","?","R","?","T","M","M","R","?","M","R","BOSS","M","?","M","M","M","R","?","R","T","?","M","?","?","E","R","BOSS","M","?","?","$","?","E","R","?","T","?","E","M","?","M","R","BOSS"],"build_version":"2018-01-05-BETA1","purchased_purges":4,"victory":true,"master_deck":["Defend_G","Defend_G","Defend_G","Strike_G","Survivor","Neutralize","Predator","Calculated Gamble","Acrobatics","Dagger Throw","Leg Sweep","Quick Slash","Tactician","Heel Hook","Footwork","Terror","Reflex","Flying Knee","Backflip","Acrobatics"],"max_hp_per_floor":[70,70,70,70,70,70,70,70,70,70,70,70,70,70,70,70,70,70,70,70,70,70,70,70,70,70,70,70,70,70,70,70,72,80,82,82,82,82,84,86,86,88,88,88,90,92,92,92,92,92],"relics":["Ring of the Snake","Lantern","Tiny Chest","War Paint","Black Star","Pen Nib","Vajra","The Courier","Singing Bowl","Happy Flower","Orrery","Shovel","Omamori","Regal Pillow","Oddly Smooth Stone","Red Mask","Calipers","Gambling Chip","Toxic Egg"],"campfire_meditates":0,"card_choices":[{"not_picked":["Dodge and Roll","Outmaneuver"],"picked":"Predator"},{"not_picked":["Eviscerate","Poisoned Stab"],"picked":"Calculated Gamble"},{"not_picked":["Backstab","Eviscerate"],"picked":"Acrobatics"},{"not_picked":["Eviscerate","Cloak And Dagger"],"picked":"Quick Slash"},{"not_picked":["Adrenaline","Envenom"],"picked":"Tactician"},{"not_picked":["Dash","Choke"],"picked":"Footwork"},{"not_picked":["Dash","Bouncing Flask"],"picked":"Terror"},{"not_picked":["Grand Finale","Endless Agony"],"picked":"Flying Knee"},{"not_picked":["Dodge and Roll","PiercingWail"],"picked":"Backflip"},{"not_picked":["Deflect","Flying Knee"],"picked":"Acrobatics"}],"player_experience":351436,"potions_floor_usage":[21,22,31,40,40],"damage_taken":[{"damage":4,"enemies":"Blue Slaver","floor":1,"turns":6},{"damage":0,"enemies":"2 Louse","floor":3,"turns":2},{"damage":0,"enemies":"Jaw Worm","floor":4,"turns":2},{"damage":0,"enemies":"Exordium Wildlife","floor":10,"turns":5},{"damage":0,"enemies":"3 Louse","floor":11,"turns":3},{"damage":0,"enemies":"2 Fungi Beasts","floor":13,"turns":2},{"damage":1,"enemies":"Exordium Wildlife","floor":14,"turns":5},{"damage":29,"enemies":"The Guardian","floor":16,"turns":10},{"damage":9,"enemies":"Chosen","floor":18,"turns":4},{"damage":9,"enemies":"Spheric Guardian","floor":20,"turns":4},{"damage":11,"enemies":"Snake Plant","floor":21,"turns":7},{"damage":3,"enemies":"Snecko","floor":22,"turns":6},{"damage":0,"enemies":"Centurion and Healer","floor":24,"turns":5},{"damage":9,"enemies":"3 Cultists","floor":28,"turns":5},{"damage":9,"enemies":"Book of Stabbing","floor":31,"turns":6},{"damage":45,"enemies":"Automaton","floor":33,"turns":13},{"damage":0,"enemies":"3 Shapes","floor":35,"turns":5},{"damage":18,"enemies":"Mysterious Sphere","floor":39,"turns":6},{"damage":8,"enemies":"2 Orb Walkers","floor":40,"turns":4},{"damage":0,"enemies":"Flame Bruiser 1 Orb","floor":42,"turns":4},{"damage":22,"enemies":"Nemesis","floor":45,"turns":4},{"damage":2,"enemies":"3 Darklings","floor":46,"turns":6},{"damage":0,"enemies":"Flame Bruiser 2 Orb","floor":48,"turns":3},{"damage":70,"enemies":"Time Eater","floor":50,"turns":10}],"event_choices":[{"event_name":"Golden Wing","player_choice":"Card Removal","floor":6,"damage_taken":0},{"event_name":"Dead Adventurer","player_choice":"Searched \u00271\u0027 times","floor":8,"damage_taken":0},{"event_name":"The Library","player_choice":"Read","floor":19,"damage_taken":0},{"event_name":"Mysterious Sphere","player_choice":"Fight","floor":39,"damage_taken":0},{"event_name":"Tomb of Lord Red Mask","player_choice":"Paid","floor":44,"damage_taken":0}],"boss_relics":[{"not_picked":["Astrolabe","White Beast Statue"],"picked":"Black Star"},{"not_picked":["Pandora\u0027s Box","Tiny House"],"picked":"Orrery"}],"potions_floor_spawned":[3,10,11,18,20,21,28,33,35,39],"seed_played":"2706484232867291952","is_trial":false}