{"path_per_floor":["M","$","M","?","M","R","M","R","T","$","M","M","?","M","R","B",null,"M","M","?","$","?","R","M","?","T","$","M","$","R","M","R"],"character_chosen":"THE_SILENT","items_purchased":["Reflex","Dagger Throw"],"gold_per_floor":[109,17,33,33,51,51,63,63,115,40,56,72,72,84,84,183,183,148,164,164,64,64,64,75,75,75,75,93,93,93,107,107],"floor_reached":33,"campfire_rested":2,"playtime":2290,"current_hp_per_floor":[66,66,61,49,51,51,50,50,50,50,52,54,54,47,47,35,70,50,48,48,48,48,48,18,18,18,18,16,16,37,30,51],"items_purged":["Strike_G","Defend_G"],"gold":107,"play_id":"88413300-d800-44af-a9df-53c7aff004f7","is_prod":false,"is_daily":false,"campfire_rituals":0,"campfire_upgraded":4,"is_hardmode":false,"path_taken":["M","$","M","?","M","R","M","R","T","$","?","?","?","M","R","BOSS","M","M","?","$","?","R","M","?","T","$","M","?","R","M","R","BOSS"],"build_version":"2018-01-04-BETA1","purchased_purges":2,"victory":false,"master_deck":["Defend_G","Defend_G","Defend_G","Defend_G","Strike_G","Strike_G","Survivor","Neutralize","Flying Knee","Reflex","Dagger Throw","Heel Hook","Blur","Prepared","PiercingWail","Prepared","Storm of Steel","Reflex"],"max_hp_per_floor":[70,70,70,70,70,70,70,70,70,70,70,70,70,70,70,70,70,70,70,70,70,70,70,70,70,70,70,70,70,70,70,70],"relics":["Ring of the Snake","Blood Vial","Dream Catcher","Sozu","Centennial Puzzle"],"campfire_meditates":0,"card_choices":[{"not_picked":["Dodge and Roll","Grand Finale"],"picked":"Flying Knee"},{"not_picked":["Dagger Throw","Outmaneuver"],"picked":"Heel Hook"},{"not_picked":["Infinite Blades","Outmaneuver"],"picked":"Blur"},{"not_picked":["Cloak And Dagger","Night Terror"],"picked":"Prepared"},{"not_picked":["Noxious Fumes","Poisoned Stab"],"picked":"PiercingWail"},{"not_picked":["Choke","Deadly Poison"],"picked":"Prepared"},{"not_picked":["Eviscerate","Dodge and Roll"],"picked":"Storm of Steel"},{"not_picked":["Calculated Gamble","Bane"],"picked":"Reflex"}],"player_experience":333623,"potions_floor_usage":[7],"damage_taken":[{"damage":4,"enemies":"Blue Slaver","floor":1,"turns":6},{"damage":5,"enemies":"Small Slimes","floor":3,"turns":5},{"damage":0,"enemies":"2 Louse","floor":5,"turns":3},{"damage":3,"enemies":"Lots of Slimes","floor":7,"turns":4},{"damage":0,"enemies":"Looter","floor":11,"turns":4},{"damage":0,"enemies":"2 Fungi Beasts","floor":12,"turns":3},{"damage":9,"enemies":"Exordium Thugs","floor":14,"turns":8},{"damage":14,"enemies":"The Guardian","floor":16,"turns":15},{"damage":20,"enemies":"2 Thieves","floor":18,"turns":5},{"damage":4,"enemies":"3 Byrds","floor":19,"turns":10},{"damage":32,"enemies":"Snecko","floor":24,"turns":9},{"damage":4,"enemies":"Slaver and Parasite","floor":28,"turns":11},{"damage":9,"enemies":"Centurion and Healer","floor":31,"turns":8},{"damage":56,"enemies":"Champ","floor":33,"turns":19}],"event_choices":[{"event_name":"Scrap Ooze","player_choice":"success","floor":4,"damage_taken":12},{"event_name":"Wheel of Change","player_choice":"Card Removal","floor":13,"damage_taken":0},{"event_name":"Cursed Tome","player_choice":"Ignored","floor":20,"damage_taken":0},{"event_name":"Beggar","player_choice":"Ignored","floor":22,"damage_taken":0},{"event_name":"Upgrade Shrine","player_choice":"Upgraded","floor":25,"damage_taken":0}],"boss_relics":[{"not_picked":["Velvet Choker","Cursed Key"],"picked":"Sozu"}],"potions_floor_spawned":[3,5,12,16,19,31],"seed_played":"-2932307614150276128","killed_by":"Champ","is_trial":false}