{"path_per_floor":["M","$","?","M","M","R","E","R","T","M","R","M","R","T","R","B",null,"M","M","?","M","?","R","E","$","T","R","M","?","$","M","R","B",null,"M","?","?","M","?","R","?","R","T","M","M","R","$","M","R","B"],"character_chosen":"THE_SILENT","items_purchased":["Dagger Throw","Well Laid Plans","Tough Bandages"],"gold_per_floor":[115,40,40,58,78,78,103,103,403,417,417,432,432,432,432,529,529,544,559,559,574,574,574,601,372,395,395,408,408,283,295,295,399,399,409,409,409,422,422,422,476,476,476,492,503,503,96,115,115,115],"floor_reached":51,"campfire_rested":2,"playtime":3223,"current_hp_per_floor":[70,70,70,70,70,70,44,44,44,34,34,34,34,41,41,23,77,77,76,76,70,70,70,61,61,61,61,58,49,49,50,50,38,82,78,68,68,42,42,42,24,24,24,13,15,39,39,38,62,43],"items_purged":["Strike_G","Defend_G","Strike_G","Concentrate"],"gold":115,"play_id":"9db48dc0-c52c-4a2e-a091-0571c8de8060","is_prod":false,"is_daily":false,"campfire_rituals":0,"campfire_upgraded":10,"is_hardmode":false,"path_taken":["M","$","?","M","?","R","E","R","T","M","R","M","R","?","R","BOSS","M","M","?","M","?","R","E","$","T","R","?","?","$","M","R","BOSS","M","?","?","M","?","R","?","R","T","M","M","R","?","M","R","BOSS"],"build_version":"2018-01-15-BETA1","purchased_purges":4,"victory":true,"master_deck":["Survivor","Neutralize","Deadly Poison","Footwork","Skewer","Malaise","Outmaneuver","Bane","Die Die Die","Adrenaline","Riddle With Holes","Catalyst","Blur","Flying Knee","Backflip","Dagger Throw","Well Laid Plans","Noxious Fumes","Wraith Form","Calculated Gamble","Madness","Madness","Cloak And Dagger","Adrenaline","Backflip"],"max_hp_per_floor":[70,70,70,70,70,70,70,70,70,70,70,70,70,77,77,77,77,77,77,77,77,77,77,77,77,77,77,77,82,82,82,82,82,82,82,82,82,82,82,82,82,82,82,82,82,82,82,82,82,82],"relics":["Ring of the Snake","NeowsBlessing","Du-Vu Doll","Old Coin","Strawberry","Astrolabe","Matryoshka","Blood Vial","Toxic Egg","Pandora\u0027s Box","Tingsha","Happy Flower","Sundial","Tough Bandages"],"campfire_meditates":0,"card_choices":[{"not_picked":["Underhanded Strike","Outmaneuver"],"picked":"Deadly Poison"},{"not_picked":["Deflect","Setup"],"picked":"Footwork"},{"not_picked":["Quick Slash","Backflip"],"picked":"Skewer"},{"not_picked":["Dodge and Roll","Sucker Punch"],"picked":"Malaise"},{"not_picked":["Poisoned Stab","Well Laid Plans"],"picked":"Outmaneuver"},{"not_picked":["Venomology","Malaise"],"picked":"Bane"},{"not_picked":["Doppelganger","Wraith Form"],"picked":"Die Die Die"},{"not_picked":["Setup","Heel Hook"],"picked":"Blur"},{"not_picked":["Outmaneuver","Deflect"],"picked":"Backflip"},{"not_picked":["Reflex","Flying Knee"],"picked":"Noxious Fumes"},{"not_picked":["Die Die Die","Bullet Time"],"picked":"Wraith Form"},{"not_picked":["Deadly Poison","Bane"],"picked":"Cloak And Dagger"},{"not_picked":["Malaise","Finisher"],"picked":"Adrenaline"},{"not_picked":["Sucker Punch","Flechettes"],"picked":"Backflip"}],"player_experience":233904,"potions_floor_usage":[7,19,24,24,24,38,41,41,50],"damage_taken":[{"damage":0,"enemies":"Jaw Worm","floor":1,"turns":1},{"damage":0,"enemies":"Blue Slaver","floor":4,"turns":1},{"damage":0,"enemies":"Cultist","floor":5,"turns":1},{"damage":26,"enemies":"3 Sentries","floor":7,"turns":6},{"damage":10,"enemies":"Large Slime","floor":10,"turns":12},{"damage":0,"enemies":"3 Louse","floor":12,"turns":4},{"damage":18,"enemies":"The Guardian","floor":16,"turns":10},{"damage":0,"enemies":"Shell Parasite","floor":18,"turns":6},{"damage":1,"enemies":"2 Thieves","floor":19,"turns":4},{"damage":6,"enemies":"Snecko","floor":21,"turns":4},{"damage":24,"enemies":"Slavers","floor":24,"turns":10},{"damage":5,"enemies":"3 Cultists","floor":28,"turns":4},{"damage":1,"enemies":"Centurion and Healer","floor":31,"turns":5},{"damage":14,"enemies":"Automaton","floor":33,"turns":10},{"damage":4,"enemies":"3 Shapes","floor":35,"turns":5},{"damage":28,"enemies":"3 Darklings","floor":38,"turns":5},{"damage":20,"enemies":"Mysterious Sphere","floor":41,"turns":5},{"damage":13,"enemies":"Maw","floor":44,"turns":7},{"damage":0,"enemies":"Sphere and 2 Shapes","floor":45,"turns":4},{"damage":3,"enemies":"Flame Bruiser 2 Orb","floor":48,"turns":6},{"damage":21,"enemies":"Donu and Deca","floor":50,"turns":9}],"event_choices":[{"event_name":"Bonfire Elementals","player_choice":"BASIC","floor":3,"damage_taken":0},{"event_name":"The Library","player_choice":"Read","floor":20,"damage_taken":0},{"event_name":"Upgrade Shrine","player_choice":"Upgraded","floor":22,"damage_taken":0},{"event_name":"Forgotten Altar","player_choice":"Shed Blood","floor":29,"damage_taken":0},{"event_name":"Winding Halls","player_choice":"Embrace Madness","floor":36,"damage_taken":0},{"event_name":"Tomb of Lord Red Mask","player_choice":"Ignored","floor":37,"damage_taken":0},{"event_name":"Mysterious Sphere","player_choice":"Fight","floor":41,"damage_taken":0}],"boss_relics":[{"not_picked":["Orrery","Calling Bell"],"picked":"Astrolabe"},{"not_picked":["Snecko Eye","Lizard Tail"],"picked":"Pandora\u0027s Box"}],"potions_floor_spawned":[4,10,12,16,21,31,35,38,45],"seed_played":"-4853090976701159122","is_trial":false}