{"path_per_floor":["M","M","M","$","?","R","M","R","T","T","E","M","E","M","R","B",null,"M","$","M","M","M","E","M","E","T","R","?","$","?","M","R","B",null,"M","?","M","M","?","R","M","$","T","R","M","M","R","M","R","B"],"character_chosen":"THE_SILENT","items_purchased":["Ornamental Fan"],"gold_per_floor":[114,134,150,75,75,75,87,87,135,184,218,228,255,269,269,364,364,377,277,288,299,310,337,347,377,377,377,409,31,31,47,47,149,149,165,0,19,29,29,29,42,42,67,67,84,104,104,118,118,118],"floor_reached":51,"campfire_rested":0,"playtime":3539,"current_hp_per_floor":[68,68,68,68,68,68,68,68,68,75,57,57,41,41,41,20,77,65,65,62,52,46,46,33,33,33,33,42,42,42,42,42,42,77,77,77,77,77,77,77,77,77,77,77,77,63,63,63,63,12],"items_purged":["Strike_G","Strike_G","Defend_G"],"gold":118,"play_id":"013a08f4-dbcb-48b0-994b-234a8e3627ed","is_prod":false,"is_daily":false,"campfire_rituals":0,"campfire_upgraded":9,"is_hardmode":false,"path_taken":["M","M","M","$","?","R","M","R","T","?","E","M","E","?","R","BOSS","M","$","M","M","M","E","M","E","T","R","?","$","?","?","R","BOSS","M","?","M","M","?","R","M","$","T","R","M","M","R","M","R","BOSS"],"build_version":"2018-01-19-BETA1","purchased_purges":3,"victory":true,"master_deck":["Defend_G","Defend_G","Defend_G","Strike_G","Strike_G","Survivor","Neutralize","Malaise","Skewer","Dagger Spray","Die Die Die","Backflip","Cloak And Dagger","Night Terror","Backflip","Flying Knee","Cloak And Dagger","Adrenaline","Envenom"],"max_hp_per_floor":[70,70,70,70,70,70,70,70,70,77,77,77,77,77,77,77,77,77,77,77,77,77,77,77,77,77,77,77,77,77,77,77,77,77,77,77,77,77,77,77,77,77,77,77,77,77,77,77,77,77],"relics":["Ring of the Snake","Lantern","Oddly Smooth Stone","Strawberry","Kunai","Omamori","Philosopher\u0027s Stone","Bronze Scales","Art of War","Tough Bandages","Red Mask","Ornamental Fan","Runic Dome","Red Mask","Ancient Tea Set"],"campfire_meditates":0,"card_choices":[{"not_picked":["Choke","Dodge and Roll"],"picked":"Malaise"},{"not_picked":["Heel Hook","Storm of Steel"],"picked":"Skewer"},{"not_picked":["Slice","Riddle With Holes"],"picked":"Dagger Spray"},{"not_picked":["Dagger Throw","Riddle With Holes"],"picked":"Die Die Die"},{"not_picked":["Setup","Noxious Fumes"],"picked":"Backflip"},{"not_picked":["Footwork","Slice"],"picked":"Cloak And Dagger"},{"not_picked":["Doppelganger","Unload"],"picked":"Night Terror"},{"not_picked":["Reflex","Deadly Poison"],"picked":"Backflip"},{"not_picked":["Footwork","Dodge and Roll"],"picked":"Flying Knee"},{"not_picked":["Flying Knee","Bane"],"picked":"Cloak And Dagger"},{"not_picked":["Concentrate","Slice"],"picked":"Adrenaline"},{"not_picked":["Venomology","Corpse Explosion"],"picked":"Envenom"}],"player_experience":270676,"potions_floor_usage":[7,13,25,28,50],"damage_taken":[{"damage":2,"enemies":"Small Slimes","floor":1,"turns":3},{"damage":0,"enemies":"2 Louse","floor":2,"turns":3},{"damage":0,"enemies":"Cultist","floor":3,"turns":4},{"damage":0,"enemies":"Lots of Slimes","floor":7,"turns":3},{"damage":18,"enemies":"Gremlin Nob","floor":11,"turns":6},{"damage":0,"enemies":"Exordium Wildlife","floor":12,"turns":3},{"damage":16,"enemies":"Lagavulin","floor":13,"turns":6},{"damage":0,"enemies":"Large Slime","floor":14,"turns":4},{"damage":21,"enemies":"The Guardian","floor":16,"turns":15},{"damage":12,"enemies":"Shell Parasite","floor":18,"turns":8},{"damage":3,"enemies":"2 Thieves","floor":20,"turns":4},{"damage":10,"enemies":"Sentry and Sphere","floor":21,"turns":8},{"damage":6,"enemies":"Centurion and Healer","floor":22,"turns":10},{"damage":0,"enemies":"Book of Stabbing","floor":23,"turns":9},{"damage":13,"enemies":"Snake Plant","floor":24,"turns":4},{"damage":0,"enemies":"Gremlin Leader","floor":25,"turns":7},{"damage":0,"enemies":"Masked Bandits","floor":28,"turns":3},{"damage":0,"enemies":"Slaver and Parasite","floor":31,"turns":5},{"damage":0,"enemies":"Champ","floor":33,"turns":15},{"damage":0,"enemies":"3 Shapes","floor":35,"turns":4},{"damage":0,"enemies":"Orb Walker","floor":37,"turns":2},{"damage":0,"enemies":"Maw","floor":38,"turns":7},{"damage":0,"enemies":"Sphere and 2 Shapes","floor":41,"turns":5},{"damage":0,"enemies":"Flame Bruiser 2 Orb","floor":45,"turns":4},{"damage":14,"enemies":"Maw","floor":46,"turns":6},{"damage":0,"enemies":"Sphere and 2 Shapes","floor":48,"turns":6},{"damage":51,"enemies":"Time Eater","floor":50,"turns":10}],"event_choices":[{"event_name":"Living Wall","player_choice":"Forget","floor":5,"damage_taken":0},{"event_name":"Masked Bandits","player_choice":"Fought over 377 gold","floor":28,"damage_taken":0},{"event_name":"Accursed Blacksmith","player_choice":"Forge","floor":30,"damage_taken":0},{"event_name":"Tomb of Lord Red Mask","player_choice":"Paid","floor":36,"damage_taken":0}],"boss_relics":[{"not_picked":["Pandora\u0027s Box","Question Card"],"picked":"Philosopher\u0027s Stone"},{"not_picked":["Sozu","White Beast Statue"],"picked":"Runic Dome"}],"potions_floor_spawned":[2,3,7,21,22,23,25,33,45],"seed_played":"5806561032368276137","is_trial":false}