{"path_per_floor":["M","$","?","?","M","R","$","M","T","M","R","M","$","T","R","B",null,"M","?","$","?","?","R","M","?","T","R","?","M","$","M","R"],"character_chosen":"THE_SILENT","items_purchased":["Quick Slash","Footwork","Flying Knee","Meat on the Bone","Omamori","Footwork"],"gold_per_floor":[215,92,92,92,106,106,34,53,53,67,67,83,58,358,358,434,434,434,434,48,48,48,48,48,48,48,48,48,48,10,10,10],"floor_reached":33,"campfire_rested":2,"playtime":1629,"current_hp_per_floor":[43,43,63,44,43,43,43,37,37,37,37,37,37,37,55,21,53,53,36,36,36,44,44,44,44,44,44,44,44,44,32,52],"items_purged":["Parasite"],"gold":10,"score":408,"play_id":"5c6b1495-5070-40f4-8929-268fabfd8db7","is_prod":false,"is_daily":false,"is_ascension_mode":true,"campfire_upgraded":4,"path_taken":["M","$","?","?","?","R","$","M","T","M","R","M","?","?","R","BOSS","M","?","$","?","?","R","M","?","T","R","?","M","$","M","R","BOSS"],"build_version":"2018-02-15-BETA1","purchased_purges":2,"victory":false,"master_deck":["Defend_G","Defend_G","Defend_G","Defend_G","Defend_G","Strike_G","Strike_G","Strike_G","Strike_G+1","Strike_G+1","Survivor","Neutralize+1","Flying Knee","Quick Slash","Footwork+1","Footwork+1","Leg Sweep","Dash+1","Flying Knee","After Image","Backflip","Dagger Throw","Adrenaline","Footwork","Dodge and Roll"],"max_hp_per_floor":[66,63,63,63,63,63,63,63,63,63,63,63,63,63,63,63,63,63,68,68,68,68,68,68,68,68,68,68,68,68,68,68],"relics":["Ring of the Snake","Matryoshka","Ancient Tea Set","Old Coin","Ectoplasm","Meat on the Bone","Red Mask","Nloth\u0027s Gift","Bag of Marbles","Paper Crane"],"card_choices":[{"not_picked":["Poisoned Stab","PiercingWail"],"picked":"Flying Knee"},{"not_picked":["Catalyst","Bullet Time"],"picked":"Footwork"},{"not_picked":["Footwork","Riddle With Holes"],"picked":"Leg Sweep"},{"not_picked":["Flying Knee","Deadly Poison"],"picked":"Dash"},{"not_picked":["Envenom","Phantasmal Killer"],"picked":"After Image"},{"not_picked":["Deadly Poison","Acrobatics"],"picked":"Backflip"},{"not_picked":["Flechettes","Flying Knee"],"picked":"Dagger Throw"},{"not_picked":["Dodge and Roll","Backflip"],"picked":"Adrenaline"},{"not_picked":["Poisoned Stab","Unload"],"picked":"Dodge and Roll"}],"player_experience":613487,"potions_floor_usage":[16,22,31,33,33],"damage_taken":[{"damage":16,"enemies":"Jaw Worm","floor":1,"turns":9},{"damage":1,"enemies":"2 Louse","floor":5,"turns":3},{"damage":6,"enemies":"Cultist","floor":8,"turns":3},{"damage":0,"enemies":"Red Slaver","floor":10,"turns":5},{"damage":0,"enemies":"Exordium Wildlife","floor":12,"turns":5},{"damage":34,"enemies":"Hexaghost","floor":16,"turns":18},{"damage":0,"enemies":"3 Byrds","floor":18,"turns":8},{"damage":4,"enemies":"Masked Bandits","floor":22,"turns":8},{"damage":0,"enemies":"Spheric Guardian","floor":24,"turns":5},{"damage":0,"enemies":"Centurion and Healer","floor":29,"turns":7},{"damage":24,"enemies":"Chosen and Byrds","floor":31,"turns":8},{"damage":56,"enemies":"Collector","floor":33,"turns":33}],"event_choices":[{"event_name":"Big Fish","player_choice":"Banana","floor":3,"damage_taken":0},{"event_name":"Shining Light","player_choice":"Entered Light","floor":4,"damage_taken":0},{"event_name":"Forgotten Altar","player_choice":"Shed Blood","floor":19,"damage_taken":0},{"event_name":"The Lab","player_choice":"Got Potions","floor":21,"damage_taken":0},{"event_name":"Masked Bandits","player_choice":"Fought over 48 gold","floor":22,"damage_taken":0},{"event_name":"N\u0027loth","player_choice":"Traded a Omamori","floor":25,"damage_taken":0},{"event_name":"The Mausoleum","player_choice":"No","floor":28,"damage_taken":0}],"boss_relics":[{"not_picked":["Eternal Feather","Question Card"],"picked":"Ectoplasm"}],"potions_floor_spawned":[8,24,29],"seed_played":"4451760226478101579","killed_by":"Collector","ascension_level":15,"is_trial":false}