{"path_per_floor":["M","M","M","$","?","E","R","M","T","M","M","$","R","M","R","B",null,"M","M","$","?","$","R"],"character_chosen":"THE_SILENT","items_purchased":["Leg Sweep"],"gold_per_floor":[112,122,140,65,65,94,94,112,112,131,145,45,45,59,59,136,136,91,91,21,21,21,21],"floor_reached":24,"campfire_rested":2,"playtime":847,"current_hp_per_floor":[59,59,59,59,59,32,32,23,23,30,30,30,30,30,48,20,52,28,28,28,28,28,46],"items_purged":["Parasite","Reflex"],"gold":21,"score":347,"play_id":"69a5e801-d0f5-4267-bc87-d8e6fd9c9f39","is_prod":false,"is_daily":false,"is_ascension_mode":true,"campfire_upgraded":2,"path_taken":["M","M","M","$","?","E","R","M","T","M","M","$","R","M","R","BOSS","M","M","$","?","$","R","E"],"build_version":"2018-02-15-BETA1","purchased_purges":2,"victory":false,"master_deck":["Survivor","Neutralize+1","Catalyst","All Out Attack","Dagger Throw","Riddle With Holes","Eviscerate","Dagger Throw","Poisoned Stab","Dagger Spray","Backstab","Predator+1","Blur","Dodge and Roll","Acrobatics","Blur","Tools of the Trade","Quick Slash+1","Backflip+1","Leg Sweep"],"max_hp_per_floor":[66,66,66,63,63,63,63,63,63,63,63,63,63,63,63,63,63,63,63,63,63,63,63],"relics":["Pandora\u0027s Box","Ancient Tea Set","Calipers","Ectoplasm"],"card_choices":[{"not_picked":["Wraith Form","Outmaneuver"],"picked":"Backstab"},{"not_picked":["Underhanded Strike","Masterful Stab"],"picked":"Predator"},{"not_picked":["Malaise","Underhanded Strike"],"picked":"Blur"},{"not_picked":["Slice","Underhanded Strike"],"picked":"Dodge and Roll"},{"not_picked":["Flying Knee","Prepared"],"picked":"Acrobatics"},{"not_picked":["Dagger Spray","Dodge and Roll"],"picked":"Blur"},{"not_picked":["Burst","Storm of Steel"],"picked":"Tools of the Trade"},{"not_picked":["Sucker Punch","Poisoned Stab"],"picked":"Quick Slash"},{"not_picked":["Crippling Poison","Concentrate"],"picked":"Backflip"}],"player_experience":632791,"potions_floor_usage":[10,16,18],"damage_taken":[{"damage":0,"enemies":"Small Slimes","floor":1,"turns":3},{"damage":0,"enemies":"Cultist","floor":2,"turns":2},{"damage":0,"enemies":"2 Louse","floor":3,"turns":1},{"damage":27,"enemies":"Lagavulin","floor":6,"turns":5},{"damage":9,"enemies":"2 Fungi Beasts","floor":8,"turns":2},{"damage":2,"enemies":"Exordium Thugs","floor":10,"turns":4},{"damage":0,"enemies":"Gremlin Gang","floor":11,"turns":3},{"damage":0,"enemies":"Exordium Wildlife","floor":14,"turns":2},{"damage":28,"enemies":"The Guardian","floor":16,"turns":9},{"damage":24,"enemies":"2 Thieves","floor":18,"turns":3},{"damage":0,"enemies":"3 Byrds","floor":19,"turns":4},{"damage":47,"enemies":"Book of Stabbing","floor":24,"turns":7}],"event_choices":[{"event_name":"Purifier","player_choice":"One Purge","floor":5,"damage_taken":0},{"event_name":"Golden Shrine","player_choice":"Pray","floor":21,"damage_taken":0}],"boss_relics":[{"not_picked":["Black Star","Runic Pyramid"],"picked":"Ectoplasm"}],"potions_floor_spawned":[3,8,10,16,18],"seed_played":"-7957847322415676860","killed_by":"Book of Stabbing","ascension_level":15,"is_trial":false}