{"path_per_floor":["M","?","M","M","$","E","R","M","T","?","R","$","R","M","R","B",null,"M","M","?","$","?","E","R"],"character_chosen":"THE_SILENT","items_purchased":["Blur","Predator"],"gold_per_floor":[11,11,31,50,11,43,43,58,58,58,58,58,58,73,73,150,150,90,90,90,19,19,19,19],"floor_reached":25,"campfire_rested":2,"playtime":1475,"current_hp_per_floor":[59,56,50,48,48,24,24,24,24,11,11,11,31,25,45,25,57,55,55,55,55,55,44,44],"items_purged":[],"gold":19,"score":361,"play_id":"43bcaafb-27c9-4fc2-a74a-9a970ee02b3b","is_prod":false,"is_daily":false,"is_ascension_mode":true,"campfire_upgraded":3,"path_taken":["M","?","M","M","$","E","R","M","T","?","R","?","R","?","R","BOSS","M","M","?","$","?","E","R","E"],"build_version":"2018-02-12-BETA1","purchased_purges":0,"victory":false,"master_deck":["Defend_G","Defend_G+1","Defend_G+1","Defend_G","Defend_G","Strike_G+1","Strike_G+1","Strike_G","Survivor","Neutralize+1","Dagger Spray","Terror","Tools of the Trade","Blur","Quick Slash","Leg Sweep+1","Backflip","After Image+1","Backflip","Predator","Acrobatics"],"max_hp_per_floor":[67,67,67,67,67,67,67,67,67,67,67,67,67,67,67,67,67,67,67,67,67,67,67,67],"relics":["Ring of the Snake","Frozen Eye","War Paint","Ginger","Ectoplasm","Regal Pillow"],"card_choices":[{"not_picked":["Finisher","PiercingWail"],"picked":"Dagger Spray"},{"not_picked":["PiercingWail","Predator"],"picked":"Terror"},{"not_picked":["Underhanded Strike","Prepared"],"picked":"Tools of the Trade"},{"not_picked":["Poisoned Stab","Concentrate"],"picked":"Quick Slash"},{"not_picked":["Backflip","Cloak And Dagger"],"picked":"Leg Sweep"},{"not_picked":["PiercingWail","Endless Agony"],"picked":"Backflip"},{"not_picked":["Wraith Form","Adrenaline"],"picked":"After Image"},{"not_picked":["Quick Slash","Infinite Blades"],"picked":"Backflip"},{"not_picked":["Reflex","Dodge and Roll"],"picked":"Acrobatics"}],"player_experience":570090,"potions_floor_usage":[6,14,16,23,25],"damage_taken":[{"damage":4,"enemies":"Small Slimes","floor":1,"turns":5},{"damage":6,"enemies":"Jaw Worm","floor":3,"turns":5},{"damage":2,"enemies":"2 Louse","floor":4,"turns":3},{"damage":24,"enemies":"Gremlin Nob","floor":6,"turns":4},{"damage":0,"enemies":"Blue Slaver","floor":8,"turns":5},{"damage":6,"enemies":"Lots of Slimes","floor":14,"turns":5},{"damage":20,"enemies":"Hexaghost","floor":16,"turns":16},{"damage":2,"enemies":"2 Thieves","floor":18,"turns":4},{"damage":0,"enemies":"3 Byrds","floor":19,"turns":7},{"damage":11,"enemies":"Book of Stabbing","floor":23,"turns":9},{"damage":53,"enemies":"Gremlin Leader","floor":25,"turns":9}],"event_choices":[{"event_name":"Scrap Ooze","player_choice":"success","floor":2,"damage_taken":3},{"event_name":"Shining Light","player_choice":"Entered Light","floor":10,"damage_taken":0},{"event_name":"Bonfire Elementals","player_choice":"BASIC","floor":20,"damage_taken":0},{"event_name":"Addict","player_choice":"Ignored","floor":22,"damage_taken":0}],"boss_relics":[{"not_picked":["Pandora\u0027s Box","The Specimen"],"picked":"Ectoplasm"}],"potions_floor_spawned":[1,6,8,14,18,19],"seed_played":"-7664129651601133290","killed_by":"Gremlin Leader","ascension_level":13,"is_trial":false}