{"path_per_floor":["M","$","M","$","M","R","M","E","T","R","E","?","R","?","R","B",null,"M","?","M","M","M","E","R","?","T","M","R","$","$","E","R","B",null,"M","?","?","M","M","R","E","R","T","R","E","$","M","M","R","B"],"character_chosen":"THE_SILENT","items_purchased":["Footwork","Kunai","Fire Potion","Strength Potion","Mind Blast"],"gold_per_floor":[112,72,88,13,30,30,40,70,70,70,99,157,157,157,157,255,255,268,268,279,294,305,336,336,261,338,355,355,99,49,79,79,182,182,193,193,193,211,230,230,256,256,256,256,290,74,91,108,108,108],"floor_reached":51,"campfire_rested":0,"playtime":2983,"current_hp_per_floor":[70,70,70,70,70,70,60,65,65,65,53,54,54,70,70,36,70,70,70,60,54,66,64,64,64,64,70,70,70,70,70,70,63,70,64,64,64,64,70,70,51,51,51,51,70,70,70,66,66,70],"items_purged":["Strike_G","Defend_G","Defend_G","Defend_G"],"gold":108,"score":654,"play_id":"bbb4ad65-901b-4b67-8c46-163917b91ad1","is_prod":false,"is_daily":false,"is_ascension_mode":false,"campfire_upgraded":11,"path_taken":["M","$","M","$","M","R","M","E","T","R","E","?","R","?","R","BOSS","M","?","?","M","M","E","R","?","T","M","R","?","$","E","R","BOSS","M","?","?","?","M","R","E","R","T","R","E","$","M","M","R","BOSS"],"build_version":"2018-02-23-BETA1","purchased_purges":4,"victory":true,"master_deck":["Defend_G","Survivor","Neutralize+1","Storm of Steel+1","Terror","Footwork+1","Flying Knee+1","Dagger Throw+1","Dagger Spray+1","Doppelganger+1","Dagger Spray","Venomology+1","Escape Plan","Bite","Bite","Bite","Bite","Dodge and Roll+1","Backflip+1","Backflip","Backflip","Burst+1","Cloak And Dagger+1","Cloak And Dagger+1","Slice","Accuracy+1","Dodge and Roll+1","Cloak And Dagger+1","Accuracy+1","Mind Blast","Deflect+1"],"max_hp_per_floor":[70,70,70,70,70,70,70,70,70,70,70,70,70,70,70,70,70,70,70,70,70,70,70,70,70,70,70,70,70,70,70,70,70,70,70,70,70,70,70,70,70,70,70,70,70,70,70,70,70,70],"relics":["Ring of the Snake","Smiling Mask","Tough Bandages","The Courier","Runic Dome","Happy Flower","Gremlin Horn","Kunai","Bird Faced Urn","Orrery","Bag of Preparation","Art of War","Blue Candle"],"card_choices":[{"not_picked":["Deadly Poison","Choke"],"picked":"Terror"},{"not_picked":["Outmaneuver","Prepared"],"picked":"Flying Knee"},{"not_picked":["Finisher","Acrobatics"],"picked":"Dagger Throw"},{"not_picked":["Outmaneuver","Sucker Punch"],"picked":"Dagger Spray"},{"not_picked":["Noxious Fumes","Setup"],"picked":"Doppelganger"},{"not_picked":["Eviscerate","Underhanded Strike"],"picked":"Dagger Spray"},{"not_picked":["A Thousand Cuts","Unload"],"picked":"Venomology"},{"not_picked":["Dodge and Roll","Sucker Punch"],"picked":"Escape Plan"},{"not_picked":["Prepared","Slice"],"picked":"Dodge and Roll"},{"not_picked":["Deflect","Grand Finale"],"picked":"Backflip"},{"not_picked":["Outmaneuver","Blade Dance"],"picked":"Backflip"},{"not_picked":["Underhanded Strike","Terror"],"picked":"Backflip"},{"not_picked":["Glass Knife","Corpse Explosion"],"picked":"Burst"},{"not_picked":["Skewer","Distraction"],"picked":"Cloak And Dagger"},{"not_picked":["Backflip","Deadly Poison"],"picked":"Cloak And Dagger"},{"not_picked":["Prepared","Underhanded Strike"],"picked":"Slice"},{"not_picked":["Prepared","Deadly Poison"],"picked":"Dodge and Roll"},{"not_picked":["Flying Knee","Dagger Spray"],"picked":"Cloak And Dagger"},{"not_picked":["Prepared","Terror"],"picked":"Accuracy"},{"not_picked":["Dagger Spray","Acrobatics"],"picked":"Deflect"}],"player_experience":775471,"potions_floor_usage":[8,12,20,21,22,22,23,23,31,33,35,38,39,41,45,47,48,50,50,50,50],"damage_taken":[{"damage":0,"enemies":"2 Louse","floor":1,"turns":4},{"damage":0,"enemies":"Cultist","floor":3,"turns":4},{"damage":0,"enemies":"Small Slimes","floor":5,"turns":3},{"damage":10,"enemies":"3 Louse","floor":7,"turns":4},{"damage":4,"enemies":"Lagavulin","floor":8,"turns":7},{"damage":14,"enemies":"Gremlin Nob","floor":11,"turns":4},{"damage":1,"enemies":"Gremlin Nob","floor":12,"turns":3},{"damage":34,"enemies":"The Guardian","floor":16,"turns":11},{"damage":0,"enemies":"3 Byrds","floor":18,"turns":4},{"damage":12,"enemies":"Shell Parasite","floor":20,"turns":5},{"damage":22,"enemies":"3 Cultists","floor":21,"turns":6},{"damage":2,"enemies":"Snecko","floor":22,"turns":6},{"damage":16,"enemies":"Gremlin Leader","floor":23,"turns":8},{"damage":24,"enemies":"Centurion and Healer","floor":27,"turns":10},{"damage":0,"enemies":"Book of Stabbing","floor":31,"turns":4},{"damage":29,"enemies":"Champ","floor":33,"turns":16},{"damage":12,"enemies":"3 Darklings","floor":35,"turns":6},{"damage":6,"enemies":"3 Shapes","floor":38,"turns":4},{"damage":18,"enemies":"Sphere and 2 Shapes","floor":39,"turns":5},{"damage":25,"enemies":"Nemesis","floor":41,"turns":11},{"damage":0,"enemies":"Giant Head","floor":45,"turns":9},{"damage":0,"enemies":"4 Shapes","floor":47,"turns":4},{"damage":12,"enemies":"Maw","floor":48,"turns":7},{"damage":6,"enemies":"Awakened One","floor":50,"turns":14}],"event_choices":[{"event_name":"Dead Adventurer","player_choice":"Searched \u00273\u0027 times","floor":12,"damage_taken":0},{"event_name":"Big Fish","player_choice":"Banana","floor":14,"damage_taken":0},{"event_name":"Vampires","player_choice":"Became a vampire (Vial)","floor":19,"damage_taken":0},{"event_name":"Beggar","player_choice":"Gave Gold","floor":25,"damage_taken":0},{"event_name":"Transmorgrifier","player_choice":"Transform","floor":36,"damage_taken":0},{"event_name":"Tomb of Lord Red Mask","player_choice":"Ignored","floor":37,"damage_taken":0}],"boss_relics":[{"not_picked":["White Beast Statue","Astrolabe"],"picked":"Runic Dome"},{"not_picked":["Sozu","Calling Bell"],"picked":"Orrery"}],"potions_floor_spawned":[1,7,11,12,16,21,22,27,33,38,47,48],"seed_played":"-537962498374589182","ascension_level":0,"is_trial":false}