{"path_per_floor":["M","?","$","M","?","E","M","R","T","R","M","M","R","E","R","B",null,"M","?","?","M","?","$","R","M","T","E","T","R","M","M","R","B",null,"M","?","M","$","M","R","M","R","T","?","M","M","M","$","R"],"character_chosen":"THE_SILENT","items_purchased":["Oddly Smooth Stone","PiercingWail","Outmaneuver","Kunai","Blade Dance","Mind Blast","Shuriken"],"gold_per_floor":[211,211,33,46,46,77,93,93,93,93,112,126,126,155,155,252,252,263,263,263,274,274,176,176,193,242,272,299,299,315,330,330,428,428,439,439,459,84,94,94,114,114,114,214,226,238,252,46,46],"floor_reached":50,"campfire_rested":1,"playtime":2601,"current_hp_per_floor":[70,45,45,45,68,44,44,44,44,44,44,37,37,37,37,14,70,68,68,68,68,68,68,68,65,65,65,65,65,65,65,65,7,70,69,69,60,60,47,47,47,47,47,47,47,27,11,11,32],"items_purged":["Strike_G","Defend_G"],"gold":46,"score":474,"play_id":"abf02764-1e5c-493f-a6d3-4ed748de06aa","is_prod":false,"is_daily":false,"is_ascension_mode":false,"campfire_upgraded":9,"path_taken":["M","?","$","M","?","E","M","R","T","R","M","M","R","E","R","BOSS","M","?","?","?","?","$","R","?","T","E","?","R","?","M","R","BOSS","M","?","M","$","M","R","M","R","T","?","M","M","?","$","R","BOSS"],"build_version":"2018-02-16-BETA2","purchased_purges":2,"victory":false,"master_deck":["Defend_G","Defend_G","Defend_G","Defend_G","Strike_G","Survivor","Neutralize+1","Flying Knee+1","PiercingWail","Bane","Cloak And Dagger+1","Well Laid Plans+1","Backflip","Doppelganger+1","Envenom+1","Quick Slash","Skewer+1","Outmaneuver","Dagger Spray","Flying Knee","Tools of the Trade+1","Wraith Form+1","Venomology+1","Infinite Blades+1","Backflip","Blade Dance+1","Mind Blast","Footwork+1","Dodge and Roll+1","Noxious Fumes","Acrobatics+1","Phantasmal Killer"],"max_hp_per_floor":[70,70,70,70,70,70,70,70,70,70,70,70,70,70,70,70,70,70,70,70,70,70,70,70,70,70,70,70,70,70,70,70,70,70,70,70,70,70,70,70,70,70,70,70,70,70,70,70,70],"relics":["Ring of the Snake","Snake Skull","Oddly Smooth Stone","Art of War","Pen Nib","The Courier","Sozu","Prayer Wheel","Mercury Hourglass","Anchor","Astrolabe","Kunai","Vajra","Shuriken"],"card_choices":[{"not_picked":["Underhanded Strike","Infinite Blades"],"picked":"Flying Knee"},{"not_picked":["Outmaneuver","Setup"],"picked":"Bane"},{"not_picked":["Quick Slash","Escape Plan"],"picked":"Cloak And Dagger"},{"not_picked":["Tactician","Outmaneuver"],"picked":"Well Laid Plans"},{"not_picked":["Sucker Punch","Prepared"],"picked":"Backflip"},{"not_picked":["Venomology","Die Die Die"],"picked":"Doppelganger"},{"not_picked":["Venomology","Tactician"],"picked":"Envenom"},{"not_picked":["Distraction","Dodge and Roll"],"picked":"Quick Slash"},{"not_picked":["Deadly Poison","Heel Hook"],"picked":"Dagger Spray"},{"not_picked":["Leg Sweep","Outmaneuver"],"picked":"Flying Knee"},{"not_picked":["Tactician","A Thousand Cuts"],"picked":"Tools of the Trade"},{"not_picked":["Flying Knee","Acrobatics"],"picked":"Backflip"},{"not_picked":["Dagger Throw","Bane"],"picked":"Footwork"},{"not_picked":["Predator","Dagger Spray"],"picked":"Dodge and Roll"},{"not_picked":["Heel Hook","Backflip"],"picked":"Noxious Fumes"},{"not_picked":["Flying Knee","Outmaneuver"],"picked":"Acrobatics"},{"not_picked":["Dagger Throw","Malaise"],"picked":"Phantasmal Killer"}],"player_experience":711481,"potions_floor_usage":[],"damage_taken":[{"damage":0.0,"enemies":"Jaw Worm","floor":1.0,"turns":5.0},{"damage":0.0,"enemies":"Small Slimes","floor":4.0,"turns":3.0},{"damage":24.0,"enemies":"Gremlin Nob","floor":6.0,"turns":5.0},{"damage":0.0,"enemies":"2 Louse","floor":7.0,"turns":2.0},{"damage":0.0,"enemies":"Blue Slaver","floor":11.0,"turns":4.0},{"damage":7.0,"enemies":"Exordium Thugs","floor":12.0,"turns":4.0},{"damage":0.0,"enemies":"3 Sentries","floor":14.0,"turns":9.0},{"damage":23.0,"enemies":"Hexaghost","floor":16.0,"turns":16.0},{"damage":2.0,"enemies":"3 Byrds","floor":18.0,"turns":5.0},{"damage":0.0,"enemies":"Shell Parasite","floor":21.0,"turns":5.0},{"damage":3.0,"enemies":"Snecko","floor":25.0,"turns":3.0},{"damage":0.0,"enemies":"Book of Stabbing","floor":27.0,"turns":6.0},{"damage":0,"enemies":"Snake Plant","floor":30,"turns":3},{"damage":0,"enemies":"Sentry and Sphere","floor":31,"turns":3},{"damage":58,"enemies":"Champ","floor":33,"turns":8},{"damage":1,"enemies":"Flame Bruiser 1 Orb","floor":35,"turns":4},{"damage":9,"enemies":"3 Shapes","floor":37,"turns":4},{"damage":13,"enemies":"Spire Growth","floor":39,"turns":4},{"damage":0,"enemies":"Flame Bruiser 2 Orb","floor":41,"turns":5},{"damage":0,"enemies":"Maw","floor":45,"turns":5},{"damage":20,"enemies":"Sphere and 2 Shapes","floor":46,"turns":5},{"damage":16,"enemies":"3 Darklings","floor":47,"turns":6},{"damage":33,"enemies":"Donu and Deca","floor":50,"turns":4}],"event_choices":[{"event_name":"Scrap Ooze","player_choice":"success","floor":2.0,"damage_taken":25.0},{"event_name":"Big Fish","player_choice":"Banana","floor":5.0,"damage_taken":0.0},{"event_name":"Drug Dealer","player_choice":"Ignored","floor":19.0,"damage_taken":0.0},{"event_name":"The Lab","player_choice":"Got Potions","floor":20.0,"damage_taken":0.0},{"event_name":"The Library","player_choice":"Read","floor":22.0,"damage_taken":0.0},{"event_name":"Tomb of Lord Red Mask","player_choice":"Ignored","floor":36,"damage_taken":0},{"event_name":"Golden Shrine","player_choice":"Pray","floor":44,"damage_taken":0}],"boss_relics":[{"not_picked":["Philosopher\u0027s Stone","Tiny House"],"picked":"Astrolabe"}],"potions_floor_spawned":[4,6,16,30,33,39,46,47],"seed_played":"4005117686574972014","killed_by":"Donu and Deca","ascension_level":0,"is_trial":false}