{"path_per_floor":["M","?","M","M","M","E","M","E","T","?","M","E","R","M","R","B",null,"M","?","M","?","M","M","E","R","T","R","?","M","E","?","R","B",null,"M","$","M","M","?","E","R","M","T","M","E","M","M","M","R","B"],"character_chosen":"THE_SILENT","items_purchased":["Gremlin Horn","Pear"],"gold_per_floor":[114,74,84,98,109,136,152,185,239,266,278,312,312,332,332,428,428,438,438,457,457,474,494,524,524,548,548,473,483,512,512,512,613,613,633,42,60,72,72,130,130,150,150,163,198,211,229,246,246,246],"floor_reached":51,"campfire_rested":2,"playtime":2687,"current_hp_per_floor":[69,69,69,69,69,49,49,52,52,37,35,21,42,44,44,52,70,70,54,56,56,57,57,23,44,44,44,44,40,34,34,34,52,70,58,68,57,61,61,71,71,77,77,77,72,80,80,80,80,8],"items_purged":["Bite"],"gold":246,"score":877,"play_id":"14e80187-17f4-4821-bbed-2e6ff7f36d49","local_time":"20180304043012","is_prod":false,"is_daily":false,"is_ascension_mode":false,"campfire_upgraded":5,"timestamp":1520134212,"path_taken":["M","?","M","M","M","E","M","E","T","?","M","E","R","?","R","BOSS","M","?","?","?","M","M","E","R","T","R","?","M","E","?","R","BOSS","M","$","M","M","?","E","R","M","T","?","E","M","M","M","R","BOSS"],"build_version":"2018-03-02-BETA2","purchased_purges":1,"victory":true,"master_deck":["Defend_G+1","Defend_G+1","Defend_G+1","Defend_G+1","Defend_G+1","Survivor","Neutralize+1","Leg Sweep","PiercingWail","Quick Slash","Predator","Outmaneuver","Choke+1","Footwork+1","Dagger Throw","Predator+1","Dagger Spray","Die Die Die","Flying Knee","Necronomicurse","Riddle With Holes+1","Sucker Punch","Backflip+1","Bite","Bite","Bite+1","Bite","Predator","Predator+1","PiercingWail","Bouncing Flask+1","Dodge and Roll+1","Dodge and Roll+1","Backflip","Blur","Cloak And Dagger+1","Heel Hook+1","Acrobatics+1","Riddle With Holes+1"],"max_hp_per_floor":[70,70,70,70,70,70,70,70,70,70,70,70,70,70,70,70,70,70,70,70,70,70,70,70,70,70,70,70,70,70,70,70,70,70,70,80,80,80,80,80,80,80,80,80,80,80,80,80,80,80],"relics":["Velvet Choker","Blue Candle","Dead Branch","Ancient Tea Set","Odd Mushroom","Snecko Eye","Necronomicon","Oddly Smooth Stone","Anchor","Vajra","Orrery","Gremlin Horn","Pear","Tiny Chest","Whetstone","Ornamental Fan"],"card_choices":[{"not_picked":["Dagger Throw","Finisher"],"picked":"Leg Sweep"},{"not_picked":["Endless Agony","Prepared"],"picked":"PiercingWail"},{"not_picked":["Underhanded Strike","Deadly Poison"],"picked":"Quick Slash"},{"not_picked":["Masterful Stab","Deadly Poison"],"picked":"Predator"},{"not_picked":["Storm of Steel","Slice"],"picked":"Outmaneuver"},{"not_picked":["Malaise","Dagger Throw"],"picked":"Choke"},{"not_picked":["Deadly Poison","Infinite Blades"],"picked":"Footwork"},{"not_picked":["Poisoned Stab","Choke"],"picked":"Dagger Throw"},{"not_picked":["Expertise","Finisher"],"picked":"Predator"},{"not_picked":["Outmaneuver","Eviscerate"],"picked":"Dagger Spray"},{"not_picked":["Storm of Steel","Phantasmal Killer"],"picked":"Die Die Die"},{"not_picked":["Prepared","Backflip"],"picked":"Flying Knee"},{"not_picked":["Blur","PiercingWail"],"picked":"Riddle With Holes"},{"not_picked":["Deflect","Crippling Poison"],"picked":"Sucker Punch"},{"not_picked":["Prepared","A Thousand Cuts"],"picked":"Backflip"},{"not_picked":["Tools of the Trade","Grand Finale"],"picked":"Envenom"},{"not_picked":["Dodge and Roll","Cloak And Dagger"],"picked":"Predator"},{"not_picked":["Poisoned Stab","Heel Hook"],"picked":"Predator"},{"not_picked":["Deadly Poison","Prepared"],"picked":"PiercingWail"},{"not_picked":["Masterful Stab","Choke"],"picked":"Bouncing Flask"},{"not_picked":["Underhanded Strike","Dagger Spray"],"picked":"Dodge and Roll"},{"not_picked":["Die Die Die","Accuracy"],"picked":"Dodge and Roll"},{"not_picked":["Outmaneuver","Dagger Spray"],"picked":"Backflip"},{"not_picked":["Infinite Blades","Quick Slash"],"picked":"Blur"},{"not_picked":["Infinite Blades","Underhanded Strike"],"picked":"Cloak And Dagger"},{"not_picked":["Flying Knee","Distraction"],"picked":"Heel Hook"},{"not_picked":["Cloak And Dagger","Bane"],"picked":"Acrobatics"},{"not_picked":["Bane","Dagger Throw"],"picked":"Riddle With Holes"}],"player_experience":795131,"potions_floor_usage":[8,10,10,16,16,23,24,40,45,50,50],"damage_taken":[{"damage":1,"enemies":"Jaw Worm","floor":1,"turns":3},{"damage":0,"enemies":"Cultist","floor":3,"turns":4},{"damage":0,"enemies":"Small Slimes","floor":4,"turns":5},{"damage":0,"enemies":"Blue Slaver","floor":5,"turns":5},{"damage":20,"enemies":"Gremlin Nob","floor":6,"turns":5},{"damage":0,"enemies":"Looter","floor":7,"turns":4},{"damage":12,"enemies":"3 Sentries","floor":8,"turns":9},{"damage":15,"enemies":"The Mushroom Lair","floor":10,"turns":4},{"damage":2,"enemies":"Gremlin Gang","floor":11,"turns":6},{"damage":14,"enemies":"Gremlin Nob","floor":12,"turns":4},{"damage":0,"enemies":"Blue Slaver","floor":14,"turns":3},{"damage":9,"enemies":"Slime Boss","floor":16,"turns":6},{"damage":0,"enemies":"Shell Parasite","floor":18,"turns":3},{"damage":0,"enemies":"Spheric Guardian","floor":20,"turns":3},{"damage":1,"enemies":"3 Cultists","floor":22,"turns":3},{"damage":2,"enemies":"Slaver and Parasite","floor":23,"turns":4},{"damage":36,"enemies":"Slavers","floor":24,"turns":6},{"damage":6,"enemies":"Snecko","floor":29,"turns":3},{"damage":8,"enemies":"Gremlin Leader","floor":30,"turns":7},{"damage":0,"enemies":"Collector","floor":33,"turns":8},{"damage":14,"enemies":"3 Shapes","floor":35,"turns":3},{"damage":15,"enemies":"3 Darklings","floor":37,"turns":7},{"damage":0,"enemies":"Flame Bruiser 2 Orb","floor":38,"turns":3},{"damage":7,"enemies":"Nemesis","floor":40,"turns":5},{"damage":0,"enemies":"Sphere and 2 Shapes","floor":42,"turns":4},{"damage":0,"enemies":"3 Darklings","floor":44,"turns":2},{"damage":7,"enemies":"2 Orb Walkers","floor":45,"turns":5},{"damage":0,"enemies":"Flame Bruiser 2 Orb","floor":46,"turns":4},{"damage":0,"enemies":"Spire Growth","floor":47,"turns":2},{"damage":0,"enemies":"Sphere and 2 Shapes","floor":48,"turns":3},{"damage":81,"enemies":"Donu and Deca","floor":50,"turns":13}],"event_choices":[{"event_name":"The Woman in Blue","player_choice":"Bought 3 Potions","floor":2,"damage_taken":0},{"event_name":"Mushrooms","player_choice":"Fought Mushrooms","floor":10,"damage_taken":0},{"event_name":"Cursed Tome","player_choice":"Obtained Book","floor":19,"damage_taken":0},{"event_name":"Back to Basics","player_choice":"Simplicity","floor":21,"damage_taken":0},{"event_name":"Beggar","player_choice":"Gave Gold","floor":28,"damage_taken":0},{"event_name":"Vampires","player_choice":"Became a vampire (Vial)","floor":31,"damage_taken":0}],"boss_relics":[{"not_picked":["Cursed Key","Ectoplasm"],"picked":"Snecko Eye"},{"not_picked":["Question Card","Calling Bell"],"picked":"Orrery"}],"potions_floor_spawned":[3,5,6,11,14,20,23,24,29,30,37,40,46,47],"seed_played":"-5563825814386278867","ascension_level":0,"is_trial":false}