{"path_per_floor":["M","?","$","T","M","E","R","M","T","M","E","M","R","M","R","B",null,"M","?","?","M","?","R","E","M","T","R","$","R","?","M","R"],"character_chosen":"IRONCLAD","items_purchased":["Metallicize","Impervious"],"gold_per_floor":[118,193,119,144,162,190,190,208,208,219,248,259,259,274,274,375,375,385,385,385,395,395,395,427,440,440,440,284,284,284,301,301],"floor_reached":33,"campfire_rested":3,"playtime":3246,"current_hp_per_floor":[80,69,69,69,72,53,53,58,58,58,56,56,80,80,80,54,80,73,73,58,64,64,64,47,23,23,48,48,73,73,80,80],"items_purged":[],"gold":301,"play_id":"495915e5-0d04-4ef2-bd53-72e8ba653d23","is_prod":false,"is_daily":false,"campfire_rituals":0,"campfire_upgraded":4,"is_hardmode":false,"path_taken":["M","?","$","?","M","E","R","M","T","M","E","M","R","M","R","BOSS","M","?","?","M","?","R","E","M","T","R","?","R","?","M","R","BOSS"],"build_version":"2018-01-18-PROD2","purchased_purges":0,"victory":false,"master_deck":["Strike_R","Strike_R","Strike_R","Strike_R","Strike_R","Defend_R","Defend_R","Defend_R","Defend_R","Bash","Flex","Metallicize","Uppercut","Demon Form","Armaments","Power Through","Pummel","Twin Strike","Limit Break","Headbutt","Corruption","Headbutt","Pummel","Reaper","Clothesline","Impervious","Shrug It Off"],"max_hp_per_floor":[80,80,80,80,80,80,80,80,80,80,80,80,80,80,80,80,80,80,80,85,85,85,85,85,85,85,85,85,85,85,85,85],"relics":["Burning Blood","Blood Vial","Lantern","Whetstone","Torii","Happy Flower","Mark of Pain","Centennial Puzzle","Kunai"],"campfire_meditates":0,"card_choices":[{"not_picked":["Dropkick","Warcry"],"picked":"Flex"},{"not_picked":["Sword Boomerang","Warcry"],"picked":"Uppercut"},{"not_picked":["Flex","Disarm"],"picked":"Demon Form"},{"not_picked":["Hemokinesis","Rage"],"picked":"Armaments"},{"not_picked":["Dual Wield","Shrug It Off"],"picked":"Power Through"},{"not_picked":["Cleave","Twin Strike"],"picked":"Pummel"},{"not_picked":["Uppercut","Iron Wave"],"picked":"Twin Strike"},{"not_picked":["Brutality","Double Tap"],"picked":"Limit Break"},{"not_picked":["Iron Wave","Reckless Charge"],"picked":"Headbutt"},{"not_picked":["Rage","True Grit"],"picked":"Headbutt"},{"not_picked":["Iron Wave","Body Slam"],"picked":"Reaper"},{"not_picked":["True Grit","Perfected Strike"],"picked":"Clothesline"},{"not_picked":["Clothesline","Fire Breathing"],"picked":"Shrug It Off"}],"player_experience":16555,"potions_floor_usage":[6,16,21,24,24,24,31,33,33,33],"damage_taken":[{"damage":0,"enemies":"2 Louse","floor":1,"turns":4},{"damage":5,"enemies":"Small Slimes","floor":5,"turns":5},{"damage":27,"enemies":"3 Sentries","floor":6,"turns":11},{"damage":3,"enemies":"Cultist","floor":8,"turns":3},{"damage":8,"enemies":"Looter","floor":10,"turns":4},{"damage":10,"enemies":"Gremlin Nob","floor":11,"turns":5},{"damage":8,"enemies":"Exordium Wildlife","floor":12,"turns":3},{"damage":0,"enemies":"2 Fungi Beasts","floor":14,"turns":3},{"damage":32,"enemies":"Slime Boss","floor":16,"turns":8},{"damage":13,"enemies":"3 Byrds","floor":18,"turns":7},{"damage":2,"enemies":"Shell Parasite","floor":21,"turns":5},{"damage":37,"enemies":"Slavers","floor":24,"turns":5},{"damage":32,"enemies":"Centurion and Healer","floor":25,"turns":4},{"damage":1,"enemies":"Snake Plant","floor":31,"turns":5},{"damage":103,"enemies":"Automaton","floor":33,"turns":8}],"event_choices":[{"event_name":"World of Goop","player_choice":"Gather Gold","floor":2,"damage_taken":0},{"event_name":"The Library","player_choice":"Read","floor":19,"damage_taken":0},{"event_name":"Forgotten Altar","player_choice":"Shed Blood","floor":20,"damage_taken":0},{"event_name":"Duplicator","player_choice":"One dupe","floor":22,"damage_taken":0},{"event_name":"The Lab","player_choice":"Got Potions","floor":30,"damage_taken":0}],"boss_relics":[{"not_picked":["Black Blood","Snecko Eye"],"picked":"Mark of Pain"}],"potions_floor_spawned":[1,6,11,14,16,21,31],"seed_played":"-317787982029995314","killed_by":"Automaton","is_trial":false}