{"path_per_floor":["M","M","M","?","?","E","$","R","T","R","E","T","R","M","R","B",null,"M","?","M","?","M","R","E","?","T"],"character_chosen":"IRONCLAD","items_purchased":["Metallicize"],"gold_per_floor":[110,126,140,140,215,246,135,135,135,135,168,168,168,183,183,285,285,305,205,220,220,233,233,264,264,333],"floor_reached":27,"campfire_rested":1,"playtime":1987,"current_hp_per_floor":[70,64,64,64,53,32,32,32,32,32,27,27,27,33,61,25,94,71,71,71,56,40,40,15,15,25],"items_purged":["Regret"],"gold":333,"play_id":"1aeb89f5-d461-46e5-b597-09bb5734c548","is_prod":false,"is_daily":false,"is_ascension_mode":true,"campfire_upgraded":4,"path_taken":["M","M","?","?","?","E","$","R","T","R","E","?","R","?","R","BOSS","M","?","M","?","M","R","E","?","T","E"],"build_version":"2018-02-02-BETA1","purchased_purges":1,"victory":false,"master_deck":["Strike_R","Strike_R","Strike_R","Strike_R","Strike_R","Defend_R","Defend_R","Defend_R","Defend_R","Bash","Cleave","Shrug It Off","Searing Blow+4","Headbutt","Metallicize","Shrug It Off","J.A.X.","Metallicize","Normality"],"max_hp_per_floor":[80,80,80,80,80,94,94,94,94,94,94,94,94,94,94,94,94,94,94,94,99,99,99,99,99,109],"relics":["Burning Blood","Bag of Marbles","Mango","Charon\u0027s Ashes","Gambling Chip","Vajra","White Beast Statue","Shovel","Smiling Mask","Pear"],"card_choices":[{"not_picked":["Combust","Armaments"],"picked":"Cleave"},{"not_picked":["Disarm","Rage"],"picked":"Shrug It Off"},{"not_picked":["Iron Wave","Headbutt"],"picked":"Searing Blow"},{"not_picked":["Corruption","Intimidate"],"picked":"Headbutt"},{"not_picked":["Sword Boomerang","Heavy Blade"],"picked":"Shrug It Off"},{"not_picked":["True Grit","Dropkick"],"picked":"Metallicize"}],"player_experience":99316,"potions_floor_usage":[24,27,27],"damage_taken":[{"damage":16.0,"enemies":"Blue Slaver","floor":1.0,"turns":6.0},{"damage":12.0,"enemies":"Small Slimes","floor":2.0,"turns":4.0},{"damage":6.0,"enemies":"Cultist","floor":3.0,"turns":4.0},{"damage":41.0,"enemies":"Lagavulin","floor":6.0,"turns":6.0},{"damage":11.0,"enemies":"3 Sentries","floor":11.0,"turns":6.0},{"damage":0.0,"enemies":"Red Slaver","floor":14.0,"turns":1.0},{"damage":42,"enemies":"Slime Boss","floor":16,"turns":12},{"damage":29,"enemies":"3 Byrds","floor":18,"turns":7},{"damage":6,"enemies":"Spheric Guardian","floor":20,"turns":3},{"damage":22,"enemies":"Centurion and Healer","floor":22,"turns":7},{"damage":31,"enemies":"Slavers","floor":24,"turns":8},{"damage":38,"enemies":"Book of Stabbing","floor":27,"turns":6}],"event_choices":[{"event_name":"Big Fish","player_choice":"Box","floor":4.0,"damage_taken":0.0},{"event_name":"World of Goop","player_choice":"Gather Gold","floor":5.0,"damage_taken":0.0},{"event_name":"Drug Dealer","player_choice":"Got JAXXED","floor":19,"damage_taken":0},{"event_name":"Forgotten Altar","player_choice":"Shed Blood","floor":21,"damage_taken":0},{"event_name":"Accursed Blacksmith","player_choice":"Rummage","floor":25,"damage_taken":0}],"boss_relics":[{"not_picked":["Eternal Feather","Question Card"],"picked":"White Beast Statue"}],"potions_floor_spawned":[3,18,20,22,24],"seed_played":"-4223313064740628643","killed_by":"Book of Stabbing","ascension_level":2,"is_trial":false}