{"path_per_floor":["M","?","M","?","$","R","E","M","T","T","R","M","?","E","R","B",null,"M","?","?","M","M","R","M","R","T"],"character_chosen":"IRONCLAD","items_purchased":[],"gold_per_floor":[109,109,119,119,44,44,73,88,111,164,164,179,129,160,160,264,264,279,179,208,223,242,242,255,255,304,304],"floor_reached":27,"campfire_rested":1,"playtime":1237,"current_hp_per_floor":[78,83,88,81,81,81,90,94,94,94,94,81,81,70,70,21,83,79,79,64,63,53,53,11,43,43,0],"items_purged":["Strike_R"],"gold":304,"score":419,"play_id":"85e6f3ba-e82b-4d13-85c7-e9ce9b8c9c82","local_time":"20180330164255","is_prod":false,"is_daily":false,"is_ascension_mode":true,"campfire_upgraded":4,"timestamp":1522442575,"path_taken":["M","?","M","?","$","R","E","?","T","?","R","M","?","E","R","BOSS","M","?","?","M","?","R","M","R","T","E"],"build_version":"2018-03-29","purchased_purges":1,"victory":false,"master_deck":["Defend_R","Defend_R","Defend_R","Bash+1","AscendersBane","Feed","Iron Wave+1","Seeing Red","Carnage+1","Headbutt","Anger+1","Seeing Red+1","Spot Weakness+1","Flex+1","J.A.X.","Demon Form+1","Shrug It Off","True Grit"],"max_hp_per_floor":[80,85,88,88,88,88,91,94,94,94,94,97,97,100,100,103,103,106,106,109,109,109,109,109,109,109,109],"relics":["Burning Blood","NeowsBlessing","Prayer Wheel","Blood Vial","Tiny Chest","Bag of Preparation","Astrolabe","Red Mask","Pen Nib"],"card_choices":[{"not_picked":["Rampage","Headbutt"],"picked":"Feed","floor":1},{"not_picked":["Corruption","Sword Boomerang"],"picked":"Iron Wave","floor":3},{"not_picked":["Shockwave","Wild Strike"],"picked":"Seeing Red","floor":8},{"not_picked":["Warcry","Clothesline"],"picked":"Carnage","floor":9},{"not_picked":["Heavy Blade","Flex"],"picked":"Headbutt","floor":14},{"not_picked":["Shrug It Off","Thunderclap"],"picked":"Flex","floor":18},{"not_picked":["Headbutt","Anger"],"picked":"Demon Form","floor":22},{"not_picked":["Havoc","Anger"],"picked":"Shrug It Off","floor":24},{"not_picked":["Twin Strike","Pommel Strike"],"picked":"True Grit","floor":26}],"player_experience":287615,"potions_floor_usage":[12,14,16,27],"damage_taken":[{"damage":0,"enemies":"Jaw Worm","floor":1,"turns":1},{"damage":0,"enemies":"Small Slimes","floor":3,"turns":1},{"damage":0,"enemies":"Lagavulin","floor":7,"turns":2},{"damage":0,"enemies":"2 Louse","floor":8,"turns":4},{"damage":22,"enemies":"Large Slime","floor":12,"turns":7},{"damage":22,"enemies":"3 Sentries","floor":14,"turns":8},{"damage":60,"enemies":"The Guardian","floor":16,"turns":14},{"damage":15,"enemies":"3 Byrds","floor":18,"turns":4},{"damage":26,"enemies":"Masked Bandits","floor":20,"turns":4},{"damage":9,"enemies":"Spheric Guardian","floor":21,"turns":3},{"damage":18,"enemies":"Snake Plant","floor":22,"turns":3},{"damage":50,"enemies":"Centurion and Healer","floor":24,"turns":9},{"damage":65,"enemies":"Slavers","floor":27,"turns":4}],"event_choices":[{"event_name":"Big Fish","player_choice":"Donut","floor":2,"damage_taken":0},{"event_name":"Golden Wing","player_choice":"Card Removal","floor":4,"damage_taken":0},{"event_name":"The Cleric","player_choice":"Card Removal","floor":13,"damage_taken":0},{"event_name":"Drug Dealer","player_choice":"Got JAXXED","floor":19,"damage_taken":0},{"event_name":"Masked Bandits","player_choice":"Fought over 179 gold","floor":20,"damage_taken":0}],"boss_relics":[{"not_picked":["White Beast Statue","Black Blood"],"picked":"Astrolabe"}],"potions_floor_spawned":[1,3,7,18],"seed_played":"-3400144957199701184","killed_by":"Slavers","ascension_level":12,"is_trial":false}