{"path_per_floor":["M","M","$","M","M","E","R","M","T","?","R","M","E","M","R"],"character_chosen":"IRONCLAD","items_purchased":["Medical Kit","Blind"],"gold_per_floor":[368,383,2,18,31,64,64,78,101,101,101,116,141,155,155,155],"floor_reached":16,"campfire_rested":1,"playtime":1140,"current_hp_per_floor":[59,57,57,60,46,10,32,33,33,33,33,38,33,35,35,0],"items_purged":["Regret"],"gold":155,"score":200,"play_id":"f37f8149-2c71-4e01-8617-5f6b392eb2e7","local_time":"20180404233016","is_prod":false,"is_daily":false,"is_ascension_mode":true,"campfire_upgraded":2,"timestamp":1522899016,"path_taken":["M","M","$","M","M","E","R","M","T","?","R","M","E","M","R","BOSS"],"build_version":"2018-04-03","purchased_purges":1,"victory":false,"master_deck":["Strike_R","Strike_R","Strike_R","Strike_R","Strike_R","Defend_R","Defend_R","Defend_R","Defend_R","Bash","AscendersBane","Rampage+1","Uppercut","Blind","Headbutt","True Grit+1","Shrug It Off","Disarm","Power Through"],"max_hp_per_floor":[75,75,75,75,75,75,75,75,75,75,75,75,75,75,75,75],"relics":["Burning Blood","Medical Kit","Art of War","Anchor","Paper Frog"],"card_choices":[{"not_picked":["Sword Boomerang","Infernal Blade"],"picked":"Rampage","floor":1},{"not_picked":["Havoc","Hemokinesis"],"picked":"Uppercut","floor":2},{"not_picked":["Havoc","Anger"],"picked":"Headbutt","floor":4},{"not_picked":["Pommel Strike","Rupture"],"picked":"True Grit","floor":5},{"not_picked":["Searing Blow","Corruption"],"picked":"Shrug It Off","floor":6},{"not_picked":["Havoc","Rupture"],"picked":"Disarm","floor":13},{"not_picked":["Rupture","Cleave"],"picked":"Power Through","floor":14}],"player_experience":371271,"potions_floor_usage":[5,13,13,16],"damage_taken":[{"damage":15,"enemies":"Jaw Worm","floor":1,"turns":5},{"damage":8,"enemies":"Cultist","floor":2,"turns":4},{"damage":3,"enemies":"2 Louse","floor":4,"turns":3},{"damage":20,"enemies":"Large Slime","floor":5,"turns":6},{"damage":42,"enemies":"3 Sentries","floor":6,"turns":10},{"damage":5,"enemies":"3 Louse","floor":8,"turns":5},{"damage":1,"enemies":"Exordium Thugs","floor":12,"turns":5},{"damage":11,"enemies":"Lagavulin","floor":13,"turns":7},{"damage":4,"enemies":"Large Slime","floor":14,"turns":5},{"damage":36,"enemies":"Slime Boss","floor":16,"turns":10}],"event_choices":[{"event_name":"Match and Keep!","player_choice":"0 cards matched","floor":10,"damage_taken":0}],"boss_relics":[],"potions_floor_spawned":[1,6,12,13],"seed_played":"-6323653580430713614","killed_by":"Slime Boss","ascension_level":15,"is_trial":false}