{"path_per_floor":["M","M","M","?","M","R","E","R","T","M","R","$","R","M","R","B",null,"M","?","?","?","M","R","$","E","T","M","R","M","?","M","R"],"character_chosen":"IRONCLAD","items_purchased":["Vajra"],"gold_per_floor":[112,123,142,142,163,163,203,203,203,219,219,169,169,190,190,309,309,329,329,329,329,341,341,141,167,167,183,183,200,125,139,139,139],"floor_reached":33,"campfire_rested":5,"playtime":1539,"current_hp_per_floor":[71,72,68,48,54,78,61,61,61,32,56,56,56,52,76,44,71,56,56,56,56,33,49,49,32,32,40,40,22,22,26,42,0],"items_purged":["Strike_R","Defend_R"],"gold":139,"score":427,"play_id":"72f189bd-733a-4aa5-834a-c0eac2702d44","local_time":"20180326085610","is_prod":false,"is_daily":false,"is_ascension_mode":true,"campfire_upgraded":3,"timestamp":1522068970,"path_taken":["M","M","M","?","M","R","E","R","T","M","R","$","R","M","R","BOSS","M","?","?","?","?","R","$","E","T","M","R","M","?","M","R","BOSS"],"build_version":"2018-03-25","purchased_purges":2,"victory":false,"master_deck":["Defend_R","Defend_R","Bash+1","AscendersBane","True Grit","Spot Weakness","Whirlwind+1","Flex+1","Pommel Strike","Limit Break+1","Bite","Bite","Bite","Bite","Bite","Shrug It Off","Shrug It Off+1","Feed"],"max_hp_per_floor":[80,80,80,80,80,80,80,80,80,80,80,80,80,80,80,80,80,80,80,56,56,56,56,56,56,56,56,56,56,56,56,56,56],"relics":["Burning Blood","Smiling Mask","Red Skull","Sozu","Nloth\u0027s Gift","Vajra","Bottled Lightning","Prayer Wheel"],"card_choices":[{"not_picked":["Inflame","Fiend Fire"],"picked":"True Grit","floor":1},{"not_picked":["Perfected Strike","Wild Strike"],"picked":"Spot Weakness","floor":2},{"not_picked":["Havoc","Flex"],"picked":"Whirlwind","floor":3},{"not_picked":["Warcry","Carnage"],"picked":"Flex","floor":5},{"not_picked":["Seeing Red","Infernal Blade"],"picked":"Pommel Strike","floor":14},{"not_picked":["Dark Embrace","Reaper"],"picked":"Limit Break","floor":16},{"not_picked":["Second Wind","Pummel"],"picked":"Shrug It Off","floor":22},{"not_picked":["Metallicize","Pummel"],"picked":"Shrug It Off","floor":29},{"not_picked":["Anger","Flame Barrier"],"picked":"Feed","floor":31}],"player_experience":227401,"potions_floor_usage":[7,7,16,33],"damage_taken":[{"damage":7,"enemies":"Jaw Worm","floor":1,"turns":7},{"damage":5,"enemies":"Cultist","floor":2,"turns":4},{"damage":10,"enemies":"Small Slimes","floor":3,"turns":4},{"damage":0,"enemies":"2 Fungi Beasts","floor":5,"turns":4},{"damage":23,"enemies":"Lagavulin","floor":7,"turns":6},{"damage":35,"enemies":"Gremlin Gang","floor":10,"turns":6},{"damage":10,"enemies":"Lots of Slimes","floor":14,"turns":2},{"damage":38,"enemies":"Slime Boss","floor":16,"turns":10},{"damage":21,"enemies":"Spheric Guardian","floor":18,"turns":5},{"damage":35,"enemies":"2 Thieves","floor":22,"turns":4},{"damage":31,"enemies":"Gremlin Leader","floor":25,"turns":6},{"damage":18,"enemies":"Sentry and Sphere","floor":27,"turns":5},{"damage":36,"enemies":"Snecko","floor":29,"turns":4},{"damage":12,"enemies":"Slaver and Parasite","floor":31,"turns":3},{"damage":66,"enemies":"Automaton","floor":33,"turns":6}],"event_choices":[{"event_name":"Golden Idol","player_choice":"Take Damage","floor":4,"damage_taken":0},{"event_name":"Back to Basics","player_choice":"Elegance","floor":19,"damage_taken":0},{"event_name":"Vampires","player_choice":"Became a vampire","floor":20,"damage_taken":0},{"event_name":"N\u0027loth","player_choice":"Traded a Golden Idol","floor":21,"damage_taken":0},{"event_name":"Beggar","player_choice":"Gave Gold","floor":30,"damage_taken":0}],"boss_relics":[{"not_picked":["Black Star","Tiny House"],"picked":"Sozu"}],"potions_floor_spawned":[1,2,14,16,29,31],"seed_played":"-473929501354140661","killed_by":"Automaton","ascension_level":10,"is_trial":false}