{"path_per_floor":["M","?","?","?","M","R","$","R","T","E","R","?","M","M","R","B",null,"M","?","M","M","$","R","M","R","T","R","E","M","$","?","R"],"character_chosen":"IRONCLAD","items_purchased":["Blood Vial"],"gold_per_floor":[117,117,192,157,171,171,27,27,27,63,63,63,76,101,101,224,224,224,224,224,224,224,224,224,224,224,224,224,224,224,224,224,224],"floor_reached":33,"campfire_rested":2,"playtime":1833,"current_hp_per_floor":[69,69,58,74,74,74,74,74,74,23,45,69,74,66,66,32,64,54,54,52,51,51,73,56,56,56,56,41,51,51,77,77,0],"items_purged":[],"gold":224,"score":408,"play_id":"cb258c15-1f0a-48bf-b10e-6521c6e1ab09","local_time":"20180328052712","is_prod":false,"is_daily":false,"is_ascension_mode":true,"campfire_upgraded":6,"timestamp":1522229232,"path_taken":["M","?","?","?","M","R","$","R","T","E","R","?","M","M","R","BOSS","M","?","M","M","$","R","M","R","T","R","E","?","$","?","R","BOSS"],"build_version":"2018-03-27v2","purchased_purges":2,"victory":false,"master_deck":["Strike_R+1","Strike_R+1","Strike_R+1","Strike_R+1","Strike_R+1","Defend_R+1","Defend_R+1","Defend_R+1","Defend_R+1","Bash+1","AscendersBane","Entrench+1","True Grit+1","Inflame+1","Body Slam+1","Feel No Pain","Juggernaut+1","Headbutt+1","Clothesline+1"],"max_hp_per_floor":[80,74,74,74,74,74,74,74,74,74,74,74,74,74,74,74,74,74,74,74,74,74,74,74,74,74,74,76,78,78,78,78,78],"relics":["Burning Blood","Golden Idol","Blood Vial","Ancient Tea Set","Bronze Scales","Ectoplasm","Singing Bowl","Question Card"],"card_choices":[{"not_picked":["Iron Wave","True Grit"],"picked":"Entrench","floor":1},{"not_picked":["Pommel Strike","Carnage"],"picked":"True Grit","floor":5},{"not_picked":["Iron Wave","Pommel Strike"],"picked":"Inflame","floor":10},{"not_picked":["Clothesline","Havoc"],"picked":"Body Slam","floor":13},{"not_picked":["Anger","Perfected Strike"],"picked":"Feel No Pain","floor":14},{"not_picked":["Offering","Limit Break"],"picked":"Juggernaut","floor":16},{"not_picked":["Clash","Anger"],"picked":"Headbutt","floor":18},{"not_picked":["Perfected Strike","Pommel Strike"],"picked":"Clothesline","floor":21}],"player_experience":251503,"potions_floor_usage":[10,20,24,28,28,33],"damage_taken":[{"damage":9,"enemies":"2 Louse","floor":1,"turns":3},{"damage":3,"enemies":"Jaw Worm","floor":5,"turns":5},{"damage":57,"enemies":"Lagavulin","floor":10,"turns":10},{"damage":3,"enemies":"Small Slimes","floor":13,"turns":3},{"damage":14,"enemies":"Exordium Wildlife","floor":14,"turns":4},{"damage":42,"enemies":"The Guardian","floor":16,"turns":18},{"damage":18,"enemies":"Spheric Guardian","floor":18,"turns":5},{"damage":10,"enemies":"Chosen","floor":20,"turns":6},{"damage":9,"enemies":"Snecko","floor":21,"turns":6},{"damage":24,"enemies":"Sentry and Sphere","floor":24,"turns":6},{"damage":25,"enemies":"Gremlin Leader","floor":28,"turns":7},{"damage":0,"enemies":"Centurion and Healer","floor":29,"turns":6},{"damage":79,"enemies":"Champ","floor":33,"turns":13}],"event_choices":[{"event_name":"Golden Idol","player_choice":"Lose Max HP","floor":2,"damage_taken":0},{"event_name":"World of Goop","player_choice":"Gather Gold","floor":3,"damage_taken":0},{"event_name":"The Cleric","player_choice":"Healed","floor":4,"damage_taken":0},{"event_name":"Big Fish","player_choice":"Banana","floor":12,"damage_taken":0},{"event_name":"Back to Basics","player_choice":"Simplicity","floor":19,"damage_taken":0},{"event_name":"The Library","player_choice":"Heal","floor":31,"damage_taken":0}],"boss_relics":[{"not_picked":["Black Blood","Pandora\u0027s Box"],"picked":"Ectoplasm"}],"potions_floor_spawned":[1,13,16,18,21,28],"seed_played":"7977654654837340502","killed_by":"Champ","ascension_level":11,"is_trial":false}