{"path_per_floor":["M","?","M","$","M","M","R","E","T","R","E","T","R","E","R","B",null,"M","M","?","$","T","R","E","?","T","R","E","R","$","M","R","B",null,"M","M","?","?","M","R","E","?","T","R","M","M","R","M","R","B"],"character_chosen":"IRONCLAD","items_purchased":["Spot Weakness","Disarm","Feel No Pain","Twin Strike"],"gold_per_floor":[117,117,131,21,39,53,53,87,87,87,112,112,112,146,146,220,220,234,246,246,69,69,69,94,94,148,148,178,178,56,66,66,137,137,149,163,163,211,230,230,259,259,284,284,302,318,318,333,333,333],"floor_reached":51,"campfire_rested":2,"playtime":3930,"current_hp_per_floor":[61,61,67,67,73,71,71,24,24,46,49,49,49,17,42,16,68,62,70,70,70,70,70,79,79,79,79,58,58,58,67,67,70,81,85,85,75,84,85,85,85,85,85,85,87,89,89,91,91,91],"items_purged":["Strike_R","Defend_R"],"gold":333,"score":1200,"play_id":"6a98bb69-4f8d-4da8-8ee6-fc56a3feaa98","local_time":"20180402074231","is_prod":false,"is_daily":false,"is_ascension_mode":true,"campfire_upgraded":10,"timestamp":1522669351,"path_taken":["M","?","M","?","?","M","R","E","T","R","E","?","R","E","R","BOSS","M","?","?","$","?","R","E","?","T","R","E","R","$","M","R","BOSS","M","M","?","?","M","R","E","?","T","R","M","?","R","M","R","BOSS"],"build_version":"2018-03-29","purchased_purges":3,"victory":true,"master_deck":["Strike_R","Strike_R+1","Strike_R+1","Defend_R","Defend_R","Bash+1","AscendersBane","Shrug It Off+1","Metallicize+1","Spot Weakness+1","Flame Barrier+1","Metallicize+1","Limit Break+1","Demon Form+1","Shrug It Off+1","Disarm+1","Feel No Pain","Twin Strike+1","Reaper","Finesse","Secret Technique","Secret Technique","Disarm+1"],"max_hp_per_floor":[75,75,75,75,75,75,75,75,75,75,85,85,85,85,85,85,85,85,85,85,85,85,85,85,85,85,85,85,85,85,85,85,85,85,85,85,85,85,85,85,85,85,85,85,87,89,89,91,91,91],"relics":["Black Blood","Toolbox","Peace Pipe","Pear","Magic Flower","Happy Flower","Sozu","Ginger","Pen Nib","Whetstone","Omamori","Bird Faced Urn","Regal Pillow","Singing Bowl"],"card_choices":[{"not_picked":["True Grit","Twin Strike"],"picked":"Shrug It Off","floor":1.0},{"not_picked":["Fire Breathing","Thunderclap"],"picked":"Metallicize","floor":3.0},{"not_picked":["Immolate","Sentinel"],"picked":"Flame Barrier","floor":5.0},{"not_picked":["Impervious","Uppercut"],"picked":"Metallicize","floor":8.0},{"not_picked":["Sever Soul","Intimidate"],"picked":"Limit Break","floor":14.0},{"not_picked":["Bludgeon","Barricade"],"picked":"Demon Form","floor":16.0},{"not_picked":["Cleave","Thunderclap"],"picked":"Shrug It Off","floor":18},{"not_picked":["Feed","Limit Break"],"picked":"Reaper","floor":33},{"not_picked":["Panacea","Jack Of All Trades"],"picked":"Finesse","floor":37},{"not_picked":["Jack Of All Trades","Deep Breath"],"picked":"Secret Technique","floor":37},{"not_picked":["Apotheosis","Berserk"],"picked":"Secret Technique","floor":37},{"not_picked":["Combust","Headbutt"],"picked":"Disarm","floor":39}],"player_experience":345677,"potions_floor_usage":[24,33],"damage_taken":[{"damage":13.0,"enemies":"Jaw Worm","floor":1.0,"turns":5.0},{"damage":0.0,"enemies":"Cultist","floor":3.0,"turns":4.0},{"damage":0.0,"enemies":"2 Louse","floor":5.0,"turns":5.0},{"damage":8.0,"enemies":"Exordium Thugs","floor":6.0,"turns":8.0},{"damage":53.0,"enemies":"Gremlin Nob","floor":8.0,"turns":7.0},{"damage":13.0,"enemies":"Lagavulin","floor":11.0,"turns":8.0},{"damage":41.0,"enemies":"Gremlin Nob","floor":14.0,"turns":5.0},{"damage":41.0,"enemies":"Hexaghost","floor":16.0,"turns":10.0},{"damage":15,"enemies":"Chosen","floor":18,"turns":5},{"damage":1,"enemies":"Shell Parasite","floor":19,"turns":6},{"damage":18,"enemies":"Book of Stabbing","floor":24,"turns":9},{"damage":30,"enemies":"Gremlin Leader","floor":28,"turns":8},{"damage":0,"enemies":"3 Cultists","floor":31,"turns":5},{"damage":6,"enemies":"Collector","floor":33,"turns":6},{"damage":31,"enemies":"Flame Bruiser 1 Orb","floor":35,"turns":8},{"damage":18,"enemies":"3 Shapes","floor":36,"turns":11},{"damage":6,"enemies":"Mysterious Sphere","floor":38,"turns":6},{"damage":12,"enemies":"Spire Growth","floor":39,"turns":5},{"damage":26,"enemies":"Nemesis","floor":41,"turns":11},{"damage":31,"enemies":"4 Shapes","floor":45,"turns":9},{"damage":9,"enemies":"Maw","floor":46,"turns":8},{"damage":1,"enemies":"3 Darklings","floor":48,"turns":6},{"damage":3,"enemies":"Time Eater","floor":50,"turns":7}],"event_choices":[{"event_name":"Purifier","player_choice":"One Purge","floor":2.0,"damage_taken":0.0},{"event_name":"Drug Dealer","player_choice":"Ignored","floor":20,"damage_taken":0},{"event_name":"Ghosts","player_choice":"Ignored","floor":25,"damage_taken":0},{"event_name":"SensoryStone","player_choice":"Memory 3","floor":37,"damage_taken":0},{"event_name":"Mysterious Sphere","player_choice":"Fight","floor":38,"damage_taken":0},{"event_name":"Purifier","player_choice":"One Purge","floor":42,"damage_taken":0}],"boss_relics":[{"not_picked":["Pandora\u0027s Box","Mark of Pain"],"picked":"Black Blood"}],"potions_floor_spawned":[5,6,8,14,16,18,19,33,38,39,41],"seed_played":"2998750609002929493","ascension_level":14,"is_trial":false}