{"path_per_floor":["M","M","M","?","M","R","M","R","T","R","$","?","?","M","R","B",null,"M","M","?","?","M","M","R","M","T","E"],"character_chosen":"IRONCLAD","items_purchased":["Flex"],"gold_per_floor":[114,133,152,152,163,163,183,183,183,183,130,130,130,148,148,251,251,251,251,251,251,251,251,251,251,251,251,251],"floor_reached":28,"campfire_rested":1,"playtime":1833,"current_hp_per_floor":[70,76,73,73,44,44,42,66,66,66,66,66,80,79,79,59,75,80,77,40,35,39,33,33,30,30,12,0],"items_purged":[],"gold":251,"score":397,"play_id":"a0ead309-7e7d-451e-a1c8-3579f6a13acd","local_time":"20180330080532","is_prod":false,"is_daily":false,"is_ascension_mode":true,"campfire_upgraded":4,"timestamp":1522411532,"path_taken":["M","M","M","?","M","R","M","R","T","R","$","?","?","?","R","BOSS","M","M","?","?","M","M","R","M","T","E","M"],"build_version":"2018-03-29","purchased_purges":1,"victory":false,"master_deck":["Strike_R","Strike_R","Strike_R","Strike_R","Defend_R","Defend_R","Defend_R","Defend_R","Bash+1","AscendersBane","Shrug It Off+1","Twin Strike","Evolve","Flex+1","Twin Strike","Brutality","Blind","Offering","Armaments+1","Ghostly","Ghostly","Ghostly","Ghostly","Ghostly"],"max_hp_per_floor":[80,80,80,80,80,80,80,80,80,80,80,80,80,80,80,80,80,80,80,40,45,45,45,45,45,45,45,45],"relics":["Burning Blood","Unceasing Top","Ectoplasm","Ancient Tea Set","Tiny Chest"],"card_choices":[{"not_picked":["Rupture","Armaments"],"picked":"Shrug It Off","floor":1},{"not_picked":["Cleave","Heavy Blade"],"picked":"Twin Strike","floor":2},{"not_picked":["Inflame","Sentinel"],"picked":"Evolve","floor":3},{"not_picked":["Fiend Fire","Barricade"],"picked":"Offering","floor":16},{"not_picked":["Twin Strike","Warcry"],"picked":"Armaments","floor":18}],"player_experience":284758,"potions_floor_usage":[16,18,18,22,28,28,28],"damage_taken":[{"damage":8,"enemies":"Jaw Worm","floor":1,"turns":4},{"damage":0,"enemies":"Cultist","floor":2,"turns":3},{"damage":9,"enemies":"2 Louse","floor":3,"turns":4},{"damage":35,"enemies":"Lots of Slimes","floor":5,"turns":8},{"damage":8,"enemies":"Blue Slaver","floor":7,"turns":5},{"damage":7,"enemies":"Looter","floor":14,"turns":5},{"damage":26,"enemies":"The Guardian","floor":16,"turns":16},{"damage":0,"enemies":"Chosen","floor":18,"turns":3},{"damage":9,"enemies":"Shell Parasite","floor":19,"turns":4},{"damage":2,"enemies":"Snake Plant","floor":22,"turns":7},{"damage":12,"enemies":"3 Cultists","floor":23,"turns":8},{"damage":9,"enemies":"Centurion and Healer","floor":25,"turns":9},{"damage":24,"enemies":"Slavers","floor":27,"turns":9},{"damage":28,"enemies":"Cultist and Chosen","floor":28,"turns":7}],"event_choices":[{"event_name":"The Woman in Blue","player_choice":"Bought 0 Potions","floor":4,"damage_taken":0},{"event_name":"Match and Keep!","player_choice":"3 cards matched","floor":12,"damage_taken":0},{"event_name":"Big Fish","player_choice":"Banana","floor":13,"damage_taken":0},{"event_name":"Ghosts","player_choice":"Became a Ghost","floor":20,"damage_taken":0},{"event_name":"Forgotten Altar","player_choice":"Shed Blood","floor":21,"damage_taken":0}],"boss_relics":[{"not_picked":["Calling Bell","Velvet Choker"],"picked":"Ectoplasm"}],"potions_floor_spawned":[3,7,14,16,18,23,27],"seed_played":"-5904857299142754006","killed_by":"Cultist and Chosen","ascension_level":12,"is_trial":false}