{"path_per_floor":["M","M","M","M","?","R","M","R","T","E","M","M","M","?","R","B",null,"M","$","?","?","?"],"character_chosen":"IRONCLAD","items_purchased":["Magic Flower"],"gold_per_floor":[112,128,143,155,155,155,174,174,174,201,214,228,240,240,240,344,344,355,55,55,0,0,0],"floor_reached":23,"campfire_rested":0,"playtime":1115,"current_hp_per_floor":[74,68,67,57,80,80,80,80,80,80,75,75,76,69,69,71,78,54,54,54,54,54,0],"items_purged":[],"gold":0,"score":290,"play_id":"9b82dcf6-7e46-4e59-a9b2-9843fbbe78b5","local_time":"20180326204520","is_prod":false,"is_daily":false,"is_ascension_mode":true,"campfire_upgraded":3,"timestamp":1522111520,"path_taken":["M","M","M","M","?","R","M","R","T","E","M","M","M","?","R","BOSS","M","$","?","?","?","E"],"build_version":"2018-03-25","purchased_purges":0,"victory":false,"master_deck":["Strike_R","Strike_R","Strike_R","Defend_R","Defend_R","Defend_R","Defend_R","Bash","AscendersBane","Rampage+1","Uppercut+1","Reaper","Berserk","Armaments+1","Feed"],"max_hp_per_floor":[80,80,80,80,80,80,80,80,80,80,80,80,80,80,80,80,80,83,83,83,83,83,83],"relics":["Burning Blood","Unceasing Top","Bottled Flame","Runic Dome","Magic Flower"],"card_choices":[{"not_picked":["Pummel","Carnage"],"picked":"Rampage","floor":1},{"not_picked":["Pummel","Iron Wave"],"picked":"Uppercut","floor":2},{"not_picked":["Bloodletting","Iron Wave"],"picked":"Reaper","floor":7},{"not_picked":["Infernal Blade","Sword Boomerang"],"picked":"Berserk","floor":11},{"not_picked":["Wild Strike","Warcry"],"picked":"Armaments","floor":12},{"not_picked":["Juggernaut","Brutality"],"picked":"Feed","floor":16}],"player_experience":231444,"potions_floor_usage":[10,10,16,23],"damage_taken":[{"damage":4,"enemies":"Small Slimes","floor":1,"turns":5},{"damage":12,"enemies":"2 Louse","floor":2,"turns":3},{"damage":7,"enemies":"Jaw Worm","floor":3,"turns":3},{"damage":16,"enemies":"Red Slaver","floor":4,"turns":4},{"damage":0,"enemies":"Large Slime","floor":7,"turns":5},{"damage":29,"enemies":"3 Sentries","floor":10,"turns":9},{"damage":11,"enemies":"Blue Slaver","floor":11,"turns":5},{"damage":10,"enemies":"Red Slaver","floor":12,"turns":5},{"damage":11,"enemies":"Looter","floor":13,"turns":5},{"damage":19,"enemies":"The Guardian","floor":16,"turns":17},{"damage":40,"enemies":"Spheric Guardian","floor":18,"turns":6},{"damage":75,"enemies":"Slavers","floor":23,"turns":4}],"event_choices":[{"event_name":"Big Fish","player_choice":"Banana","floor":5,"damage_taken":0},{"event_name":"Golden Wing","player_choice":"Card Removal","floor":14,"damage_taken":0},{"event_name":"Addict","player_choice":"Ignored","floor":20,"damage_taken":0},{"event_name":"Masked Bandits","player_choice":"Paid Bandits 55 gold","floor":21,"damage_taken":0},{"event_name":"The Mausoleum","player_choice":"No","floor":22,"damage_taken":0}],"boss_relics":[{"not_picked":["Mark of Pain","Calling Bell"],"picked":"Runic Dome"}],"potions_floor_spawned":[1,2,7,11],"seed_played":"-3984304990092533086","killed_by":"Slavers","ascension_level":10,"is_trial":false}