{"path_per_floor":["M","?","M","$","M","E","R","M","T","E","R","E","R","E","R","B",null,"M","M","M","?","M","R","?"],"character_chosen":"IRONCLAD","items_purchased":["Regal Pillow"],"gold_per_floor":[119,269,279,52,65,90,90,107,107,142,142,167,167,199,199,270,270,284,295,311,311,329,329,329,329],"floor_reached":25,"campfire_rested":3,"playtime":1676,"current_hp_per_floor":[63,63,63,63,68,33,70,65,65,51,51,37,37,37,80,10,75,64,74,69,48,34,77,77,0],"items_purged":["Doubt"],"gold":329,"score":429,"play_id":"8aff0329-a8e0-422a-bc36-10394ac711d9","local_time":"20180411150614","is_prod":false,"is_daily":false,"chose_seed":false,"is_ascension_mode":true,"campfire_upgraded":2,"timestamp":1523473574,"path_taken":["M","?","M","$","M","E","R","M","T","E","R","E","R","E","R","BOSS","M","M","M","?","M","R","?","E"],"build_version":"2018-04-10","seed_source_timestamp":675426552274516,"purchased_purges":1,"victory":false,"master_deck":["Strike_R+1","Strike_R+1","Strike_R+1","Strike_R+1","Strike_R+1","Defend_R+1","Defend_R+1","Defend_R+1","Defend_R+1","Bash+1","AscendersBane","Dropkick","Havoc","Disarm+1","True Grit","Havoc+1","Rage","Shockwave","Offering","Clash+1","Necronomicurse","Armaments"],"max_hp_per_floor":[75,75,75,75,75,75,75,75,75,89,89,89,89,96,96,96,96,96,96,96,96,96,96,96,96],"relics":["Black Blood","Regal Pillow","Magic Flower","Letter Opener","Mango","The Courier","Strawberry","Necronomicon"],"card_choices":[{"not_picked":["Iron Wave","Power Through"],"picked":"Dropkick","floor":1},{"not_picked":["Anger","Armaments"],"picked":"Havoc","floor":3},{"not_picked":["Battle Trance","Immolate"],"picked":"Disarm","floor":5},{"not_picked":["Armaments","Thunderclap"],"picked":"True Grit","floor":8},{"not_picked":["Rupture","Heavy Blade"],"picked":"Havoc","floor":10},{"not_picked":["Heavy Blade","Limit Break"],"picked":"Rage","floor":12},{"not_picked":["Cleave","Brutality"],"picked":"Shockwave","floor":14},{"not_picked":["Juggernaut","Fiend Fire"],"picked":"Offering","floor":16},{"not_picked":["Twin Strike","Reckless Charge"],"picked":"Clash","floor":18},{"not_picked":["Heavy Blade","Warcry"],"picked":"Armaments","floor":22}],"player_experience":429342,"potions_floor_usage":[12,12,14,22,25],"damage_taken":[{"damage":11,"enemies":"Small Slimes","floor":1,"turns":4},{"damage":6,"enemies":"Jaw Worm","floor":3,"turns":5},{"damage":1,"enemies":"Cultist","floor":5,"turns":3},{"damage":41,"enemies":"Gremlin Nob","floor":6,"turns":5},{"damage":14,"enemies":"Red Slaver","floor":8,"turns":4},{"damage":37,"enemies":"Lagavulin","floor":10,"turns":8},{"damage":23,"enemies":"3 Sentries","floor":12,"turns":12},{"damage":36,"enemies":"Gremlin Nob","floor":14,"turns":5},{"damage":79,"enemies":"Hexaghost","floor":16,"turns":15},{"damage":26,"enemies":"Shell Parasite","floor":18,"turns":11},{"damage":5,"enemies":"Spheric Guardian","floor":19,"turns":3},{"damage":20,"enemies":"Snake Plant","floor":20,"turns":4},{"damage":49,"enemies":"Snecko","floor":22,"turns":9},{"damage":82,"enemies":"Gremlin Leader","floor":25,"turns":7}],"event_choices":[{"event_name":"Liars Game","player_choice":"agreed","floor":2,"damage_taken":0},{"event_name":"Cursed Tome","player_choice":"Obtained Book","floor":21,"damage_taken":0},{"event_name":"Back to Basics","player_choice":"Simplicity","floor":24,"damage_taken":0}],"boss_relics":[{"not_picked":["Eternal Feather","Mark of Pain"],"picked":"Black Blood"}],"potions_floor_spawned":[8,10,12,16,20],"seed_played":"-8345573489641080705","killed_by":"Gremlin Leader","ascension_level":15,"is_trial":false}