{"path_per_floor":["M","?","M","M","M","R","?","E","T","?","M","R","$","M","R","B",null,"M","M","M","?"],"character_chosen":"IRONCLAD","items_purchased":["Evolve","Blind"],"gold_per_floor":[113,113,130,141,156,156,156,182,233,233,244,244,40,59,59,135,135,146,157,170,170,170],"floor_reached":22,"campfire_rested":2,"playtime":1516,"current_hp_per_floor":[42,35,30,35,17,43,43,26,26,26,14,55,55,55,55,34,75,60,42,14,14,0],"items_purged":["Strike_R"],"gold":170,"score":329,"play_id":"aaff8354-239e-45a0-b436-4473203d346a","local_time":"20180411143800","is_prod":false,"is_daily":false,"chose_seed":false,"is_ascension_mode":true,"campfire_upgraded":1,"timestamp":1523471880,"path_taken":["M","?","M","M","?","R","?","E","T","?","M","R","?","?","R","BOSS","M","M","M","?","M"],"build_version":"2018-04-10","seed_source_timestamp":673892108480931,"purchased_purges":1,"victory":false,"master_deck":["Defend_R","Defend_R","Defend_R","Defend_R","Bash","AscendersBane","Shrug It Off","Rampage+1","Headbutt","Reckless Charge","Armaments","Inflame","Evolve","Blind","Pommel Strike","Entrench+1","Sword Boomerang+1","Rupture+1","Pommel Strike+1"],"max_hp_per_floor":[89,89,89,89,89,89,89,89,89,89,89,89,89,89,89,89,89,89,89,89,89,89],"relics":["Burning Blood","Happy Flower","Regal Pillow","Astrolabe"],"card_choices":[{"not_picked":["Armaments","Flex"],"picked":"Shrug It Off","floor":1},{"not_picked":["Power Through","Thunderclap"],"picked":"Rampage","floor":3},{"not_picked":["Shrug It Off","Sword Boomerang"],"picked":"Headbutt","floor":4},{"not_picked":["Rupture","Headbutt"],"picked":"Reckless Charge","floor":5},{"not_picked":["Warcry","Hemokinesis"],"picked":"Armaments","floor":8},{"not_picked":["Twin Strike","Perfected Strike"],"picked":"Inflame","floor":11},{"not_picked":["Iron Wave","Heavy Blade"],"picked":"Pommel Strike","floor":14},{"not_picked":["Limit Break","Brutality"],"picked":"Exhume","floor":16},{"not_picked":["Shrug It Off","Reckless Charge"],"picked":"Pommel Strike","floor":19}],"player_experience":427826,"potions_floor_usage":[5,14,18],"damage_taken":[{"damage":5,"enemies":"2 Louse","floor":1,"turns":3},{"damage":11,"enemies":"Jaw Worm","floor":3,"turns":8},{"damage":1,"enemies":"Cultist","floor":4,"turns":5},{"damage":24,"enemies":"Exordium Thugs","floor":5,"turns":7},{"damage":23,"enemies":"3 Sentries","floor":8,"turns":8},{"damage":18,"enemies":"Large Slime","floor":11,"turns":7},{"damage":6,"enemies":"Red Slaver","floor":14,"turns":4},{"damage":27,"enemies":"The Guardian","floor":16,"turns":14},{"damage":21,"enemies":"Shell Parasite","floor":18,"turns":5},{"damage":24,"enemies":"Chosen","floor":19,"turns":5},{"damage":34,"enemies":"Snake Plant","floor":20,"turns":6},{"damage":28,"enemies":"Snecko","floor":22,"turns":8}],"event_choices":[{"event_name":"Golden Wing","player_choice":"Card Removal","floor":2,"damage_taken":0},{"event_name":"Transmorgrifier","player_choice":"Transform","floor":7,"damage_taken":0},{"event_name":"Living Wall","player_choice":"Forget","floor":10,"damage_taken":0},{"event_name":"Cursed Tome","player_choice":"Ignored","floor":21,"damage_taken":0}],"boss_relics":[{"not_picked":["Runic Cube","Cursed Key"],"picked":"Astrolabe"}],"potions_floor_spawned":[3,8,14,16,19],"seed_played":"-5159955224042396458","killed_by":"Snecko","ascension_level":15,"is_trial":false}