{"path_per_floor":["M","M","M","?","$","E","?","R","T","M","E","R","E","M","R","B",null,"M","?","M","M","M","R","E","R","T","?","M","E","M","M","R","B",null,"M","M","?","?","T","E","R","?","T","R","M","R","M","?","R","B"],"character_chosen":"IRONCLAD","items_purchased":["Spot Weakness","Regen Potion"],"gold_per_floor":[99,99,99,99,12,12,12,12,12,0,0,0,0,0,0,0,0,0,0,0,0,0,0,0,0,0,0,0,0,0,0,0,0,0,0,0,0,0,0,0,0,0,0,0,0,0,0,0,0,0],"floor_reached":51,"campfire_rested":5,"playtime":2616,"current_hp_per_floor":[68,62,62,51,51,40,22,44,44,43,29,51,37,37,37,28,63,63,63,52,48,44,44,4,26,26,26,29,31,40,33,48,50,52,52,50,40,40,40,42,42,37,37,37,43,43,37,49,59,49],"items_purged":[],"gold":0,"score":1302,"play_id":"7cb6e113-bf34-4e21-b80c-2319af307f35","local_time":"20180418063821","is_prod":false,"is_daily":false,"chose_seed":false,"is_ascension_mode":true,"campfire_upgraded":5,"timestamp":1524047901,"path_taken":["M","?","M","?","$","E","?","R","T","M","E","R","E","M","R","BOSS","M","?","M","M","M","R","E","R","T","?","M","E","M","M","R","BOSS","M","M","?","?","?","E","R","?","T","R","M","R","M","?","R","BOSS"],"build_version":"2018-04-17","seed_source_timestamp":565545719997987,"purchased_purges":1,"victory":true,"master_deck":["Defend_R","Defend_R","Defend_R","Defend_R","Bash+1","AscendersBane","Pommel Strike+1","Uppercut+1","Spot Weakness+1","True Grit+1","Shrug It Off","Bludgeon+1","Clash+1","Headbutt+1","Offering","True Grit+1","Perfected Strike+1","Perfected Strike+1","Perfected Strike+1","Pommel Strike+1","Bite+1","Bite+1","Bite+1","Bite+1","Bite+1","Shockwave+1","Immolate+1","Perfected Strike+1","Perfected Strike+1","Dark Shackles","Injury","Shrug It Off","Parasite","Writhe"],"max_hp_per_floor":[75,75,75,75,75,75,75,75,75,75,75,75,75,75,75,75,75,75,75,75,75,75,75,75,75,75,52,52,52,52,52,52,52,52,52,52,52,52,52,59,59,59,59,59,59,59,59,59,59,59],"relics":["Ectoplasm","Prayer Wheel","Bronze Scales","Molten Egg 2","Paper Frog","Toolbox","Snecko Eye","Shuriken","Art of War","Juzu Bracelet","Cursed Key","Red Mask","Bottled Flame","Strawberry","Ginger","Bag of Marbles"],"card_choices":[{"not_picked":["Seeing Red","Headbutt"],"picked":"Pommel Strike","floor":1},{"not_picked":["Body Slam","Searing Blow"],"picked":"Uppercut","floor":2},{"not_picked":["Heavy Blade","Sword Boomerang"],"picked":"True Grit","floor":6},{"not_picked":["Spot Weakness","Cleave"],"picked":"Shrug It Off","floor":9},{"not_picked":["Cleave","Heavy Blade"],"picked":"Bludgeon","floor":11},{"not_picked":["Bloodletting","Corruption"],"picked":"Clash","floor":13},{"not_picked":["Thunderclap","True Grit"],"picked":"Headbutt","floor":14},{"not_picked":["Dark Embrace","Feed"],"picked":"Offering","floor":16},{"not_picked":["Twin Strike","Flex"],"picked":"True Grit","floor":18},{"not_picked":["Sever Soul","Warcry"],"picked":"Perfected Strike","floor":21},{"not_picked":["Blood for Blood","Second Wind"],"picked":"Perfected Strike","floor":22},{"not_picked":["Armaments","Anger"],"picked":"Perfected Strike","floor":24},{"not_picked":["Anger","Clothesline"],"picked":"Pommel Strike","floor":26},{"not_picked":["Whirlwind","Sentinel"],"picked":"Shockwave","floor":28},{"not_picked":["Fiend Fire","Juggernaut"],"picked":"Immolate","floor":33},{"not_picked":["Anger","Sword Boomerang"],"picked":"Perfected Strike","floor":35},{"not_picked":["Anger","Sword Boomerang"],"picked":"Perfected Strike","floor":36},{"not_picked":["Jack Of All Trades","Finesse"],"picked":"Dark Shackles","floor":37},{"not_picked":["Havoc","Armaments"],"picked":"Shrug It Off","floor":39}],"player_experience":505231,"potions_floor_usage":[6,6,16,16,29,29,33,33,40,50,50],"damage_taken":[{"damage":0,"enemies":"Cultist","floor":1,"turns":3},{"damage":6,"enemies":"2 Louse","floor":2,"turns":3},{"damage":0,"enemies":"Small Slimes","floor":3,"turns":2},{"damage":23,"enemies":"Lagavulin","floor":6,"turns":5},{"damage":1,"enemies":"Looter","floor":10,"turns":2},{"damage":14,"enemies":"Gremlin Nob","floor":11,"turns":4},{"damage":14,"enemies":"3 Sentries","floor":13,"turns":5},{"damage":0,"enemies":"Large Slime","floor":14,"turns":3},{"damage":9,"enemies":"The Guardian","floor":16,"turns":8},{"damage":0,"enemies":"Chosen","floor":18,"turns":2},{"damage":11,"enemies":"3 Byrds","floor":20,"turns":3},{"damage":4,"enemies":"Snecko","floor":21,"turns":2},{"damage":4,"enemies":"Cultist and Chosen","floor":22,"turns":3},{"damage":40,"enemies":"Slavers","floor":24,"turns":5},{"damage":0,"enemies":"Sentry and Sphere","floor":28,"turns":2},{"damage":4,"enemies":"Gremlin Leader","floor":29,"turns":4},{"damage":0,"enemies":"Snecko","floor":30,"turns":2},{"damage":13,"enemies":"Slaver and Parasite","floor":31,"turns":3},{"damage":13,"enemies":"Automaton","floor":33,"turns":6},{"damage":0,"enemies":"Flame Bruiser 1 Orb","floor":35,"turns":3},{"damage":11,"enemies":"3 Darklings","floor":36,"turns":4},{"damage":8,"enemies":"2 Orb Walkers","floor":40,"turns":3},{"damage":8,"enemies":"Mysterious Sphere","floor":42,"turns":3},{"damage":0,"enemies":"Flame Bruiser 2 Orb","floor":45,"turns":4},{"damage":15,"enemies":"Maw","floor":47,"turns":4},{"damage":25,"enemies":"Donu and Deca","floor":50,"turns":6}],"event_choices":[{"event_name":"World of Goop","player_choice":"Gather Gold","floor":4,"damage_taken":0},{"event_name":"Scrap Ooze","player_choice":"success","floor":7,"damage_taken":18},{"event_name":"Drug Dealer","player_choice":"Ignored","floor":19,"damage_taken":0},{"event_name":"Vampires","player_choice":"Became a vampire","floor":27,"damage_taken":0},{"event_name":"SensoryStone","player_choice":"Memory 3","floor":37,"damage_taken":0},{"event_name":"Tomb of Lord Red Mask","player_choice":"Paid","floor":38,"damage_taken":0},{"event_name":"Mysterious Sphere","player_choice":"Fight","floor":42,"damage_taken":0},{"event_name":"Winding Halls","player_choice":"Writhe","floor":48,"damage_taken":0}],"boss_relics":[{"not_picked":["Runic Cube","Sozu"],"picked":"Snecko Eye"},{"not_picked":["Runic Dome","Eternal Feather"],"picked":"Cursed Key"}],"potions_floor_spawned":[3,11,13,14,21,22,24,29,31,33,36,42],"seed_played":"3992689227737516717","ascension_level":15,"is_trial":false}