{"path_per_floor":["M","$","M","M","M","R","M","R","T","?","M","?","$","M","R","B",null,"M","?","?","$","M","R","E","R","T","R","?","M","R","M","R","B",null,"M","M","?","M","?","R","$","R","T","?","M","?","M","$","R","B"],"character_chosen":"THE_SILENT","items_purchased":["Accuracy","Noxious Fumes","Accuracy","Kunai","Weak Potion"],"gold_per_floor":[113,2,22,40,50,50,67,67,67,97,113,93,16,27,27,124,124,140,140,140,102,112,112,142,142,169,169,94,110,110,122,122,224,224,238,256,256,266,266,266,21,21,67,67,79,79,98,46,46,46],"floor_reached":51,"campfire_rested":3,"playtime":2762,"current_hp_per_floor":[70,70,70,70,62,62,49,49,49,29,27,27,27,27,48,31,70,66,66,66,66,60,60,46,46,46,46,46,33,33,33,54,23,70,47,47,47,31,49,49,49,49,49,49,50,50,54,54,70,21],"items_purged":["Strike_G"],"gold":46,"score":632,"play_id":"44790d43-756f-4ad2-a93b-7152c695c2c7","local_time":"20180406133739","is_prod":false,"is_daily":false,"is_ascension_mode":false,"campfire_upgraded":5,"timestamp":1523014659,"path_taken":["M","?","M","?","M","R","M","R","T","?","?","?","$","M","R","BOSS","M","?","?","$","?","R","E","R","T","R","?","M","R","M","R","BOSS","M","M","?","M","?","R","$","R","T","?","M","?","M","?","R","BOSS"],"build_version":"2018-03-29","purchased_purges":2,"victory":true,"master_deck":["Survivor+1","Neutralize+1","Backflip","Accuracy+1","Blade Dance+1","Accuracy","Finisher","Noxious Fumes","Adrenaline+1","Deadly Poison","Dagger Throw","Slice","Deflect","Cloak And Dagger+1","Cloak And Dagger+1","Dagger Throw","Accuracy","Bullet Time+1","Panacea","Writhe","Bandage Up","Dash+1","Prepared+1"],"max_hp_per_floor":[70,70,70,70,70,70,70,70,70,70,70,70,70,70,70,70,70,70,70,70,70,70,70,70,70,70,70,70,70,70,70,70,70,70,70,70,70,70,70,70,70,70,70,70,70,70,70,70,70,70],"relics":["Ring of the Snake","Girya","Odd Mushroom","Pandora\u0027s Box","Orichalcum","Bag of Marbles","Black Star","Kunai","War Paint"],"card_choices":[{"not_picked":["Sucker Punch","Deflect"],"picked":"Backflip","floor":1.0},{"not_picked":["Outmaneuver","Bouncing Flask"],"picked":"Blade Dance","floor":3.0},{"not_picked":["Underhanded Strike","Poisoned Stab"],"picked":"Accuracy","floor":7.0},{"not_picked":["Malaise","Calculated Gamble"],"picked":"Finisher","floor":10.0},{"not_picked":["Wraith Form","Glass Knife"],"picked":"Adrenaline","floor":16.0},{"not_picked":["Doppelganger","Envenom"],"picked":"Bullet Time","floor":33.0},{"not_picked":["Secret Weapon","Secret Technique"],"picked":"Bandage Up","floor":44},{"not_picked":["Flying Knee","Deflect"],"picked":"Dash","floor":45},{"not_picked":["Deflect","Outmaneuver"],"picked":"Prepared","floor":47}],"player_experience":58243,"potions_floor_usage":[38,47,50],"damage_taken":[{"damage":0.0,"enemies":"Cultist","floor":1.0,"turns":4.0},{"damage":0.0,"enemies":"2 Louse","floor":3.0,"turns":3.0},{"damage":0.0,"enemies":"Jaw Worm","floor":4.0,"turns":3.0},{"damage":8.0,"enemies":"Exordium Wildlife","floor":5.0,"turns":6.0},{"damage":13.0,"enemies":"Lots of Slimes","floor":7.0,"turns":3.0},{"damage":20.0,"enemies":"The Mushroom Lair","floor":10.0,"turns":3.0},{"damage":2.0,"enemies":"2 Fungi Beasts","floor":11.0,"turns":3.0},{"damage":0.0,"enemies":"Large Slime","floor":14.0,"turns":5.0},{"damage":17.0,"enemies":"Hexaghost","floor":16.0,"turns":10.0},{"damage":4.0,"enemies":"Shell Parasite","floor":18.0,"turns":4.0},{"damage":6.0,"enemies":"3 Byrds","floor":22.0,"turns":4.0},{"damage":14.0,"enemies":"Book of Stabbing","floor":24.0,"turns":5.0},{"damage":13.0,"enemies":"Snake Plant","floor":29.0,"turns":2.0},{"damage":0.0,"enemies":"Snecko","floor":31.0,"turns":2.0},{"damage":31.0,"enemies":"Automaton","floor":33.0,"turns":7.0},{"damage":23.0,"enemies":"3 Darklings","floor":35.0,"turns":4.0},{"damage":0.0,"enemies":"Orb Walker","floor":36.0,"turns":1.0},{"damage":31,"enemies":"3 Darklings","floor":38,"turns":6},{"damage":3,"enemies":"Sphere and 2 Shapes","floor":45,"turns":3},{"damage":0,"enemies":"4 Shapes","floor":47,"turns":3},{"damage":53,"enemies":"Time Eater","floor":50,"turns":9}],"event_choices":[{"event_name":"Mushrooms","player_choice":"Fought Mushrooms","floor":10.0,"damage_taken":0.0},{"event_name":"World of Goop","player_choice":"Left","floor":12.0,"damage_taken":0.0},{"event_name":"Vampires","player_choice":"Ignored","floor":19.0,"damage_taken":0.0},{"event_name":"Ghosts","player_choice":"Ignored","floor":20.0,"damage_taken":0.0},{"event_name":"Beggar","player_choice":"Gave Gold","floor":28.0,"damage_taken":0.0},{"event_name":"Match and Keep!","player_choice":"1 cards matched","floor":37,"damage_taken":0},{"event_name":"Winding Halls","player_choice":"Writhe","floor":39,"damage_taken":0},{"event_name":"SensoryStone","player_choice":"Memory 1","floor":44,"damage_taken":0}],"boss_relics":[],"potions_floor_spawned":[4,7,10,16,18,22,33,38],"seed_played":"6205801221793156656","ascension_level":0,"is_trial":false}