{"path_per_floor":["M","M","M","M","$","R","M","M","T","R","?","R","M","M","R","B",null,"M","M","M","$","?","R"],"character_chosen":"THE_SILENT","items_purchased":["Footwork","Sundial"],"gold_per_floor":[110,125,143,163,51,51,70,80,80,80,255,255,268,283,283,384,384,394,408,426,115,115,115],"floor_reached":24,"campfire_rested":1,"playtime":4353,"current_hp_per_floor":[63,63,61,61,61,61,60,59,59,59,59,59,56,48,48,37,70,51,41,5,5,5,26],"items_purged":["Doubt"],"gold":115,"play_id":"9550e46b-defe-4dc8-97ac-a41dcac9a4cf","is_prod":false,"is_daily":false,"is_ascension_mode":false,"campfire_upgraded":1,"path_taken":["M","M","M","M","$","R","M","M","T","R","?","R","M","M","R","BOSS","M","M","M","$","?","R","M"],"build_version":"2018-01-25-PROD3","purchased_purges":1,"victory":false,"master_deck":["Defend_G","Defend_G","Defend_G","Defend_G","Defend_G","Strike_G","Strike_G","Strike_G","Strike_G","Strike_G","Survivor","Neutralize","PiercingWail","Poisoned Stab","Distraction","Backstab","Footwork+1","Leg Sweep","Well Laid Plans","Doubt","Deflect","Crippling Poison","Die Die Die","Backflip","Sucker Punch","Backflip","Poisoned Stab","Backflip","Bane+1","Acrobatics","Dagger Spray","Writhe"],"max_hp_per_floor":[70,70,70,70,70,70,70,70,70,70,70,70,70,70,70,70,70,70,70,70,70,70,70],"relics":["Ring of the Snake","Girya","Unceasing Top","Orrery","Sundial","Omamori"],"card_choices":[{"not_picked":["Cloak And Dagger","Riddle With Holes"],"picked":"PiercingWail"},{"not_picked":["Deflect","Prepared"],"picked":"Poisoned Stab"},{"not_picked":["Deadly Poison","Reflex"],"picked":"Distraction"},{"not_picked":["A Thousand Cuts","Eviscerate"],"picked":"Backstab"},{"not_picked":["Reflex","Dash"],"picked":"Leg Sweep"},{"not_picked":["Calculated Gamble","Skewer"],"picked":"Well Laid Plans"},{"not_picked":["Deadly Poison","Dagger Spray"],"picked":"Deflect"},{"not_picked":["Choke","Escape Plan"],"picked":"Crippling Poison"},{"not_picked":["Glass Knife","Doppelganger"],"picked":"Die Die Die"},{"not_picked":["Malaise","Cloak And Dagger"],"picked":"Backflip"},{"not_picked":["Distraction","Finisher"],"picked":"Sucker Punch"},{"not_picked":["Underhanded Strike","PiercingWail"],"picked":"Backflip"},{"not_picked":["Dagger Throw","Phantasmal Killer"],"picked":"Poisoned Stab"},{"not_picked":["Dagger Throw","Eviscerate"],"picked":"Backflip"},{"not_picked":["Poisoned Stab","Dodge and Roll"],"picked":"Bane"},{"not_picked":["Well Laid Plans","Reflex"],"picked":"Acrobatics"},{"not_picked":["Acrobatics","Underhanded Strike"],"picked":"Dagger Spray"}],"player_experience":59824,"potions_floor_usage":[16,16,20,20],"damage_taken":[{"damage":7,"enemies":"Jaw Worm","floor":1,"turns":7},{"damage":0,"enemies":"Cultist","floor":2,"turns":5},{"damage":2,"enemies":"Small Slimes","floor":3,"turns":5},{"damage":0,"enemies":"Looter","floor":4,"turns":4},{"damage":1,"enemies":"3 Louse","floor":7,"turns":5},{"damage":1,"enemies":"Exordium Wildlife","floor":8,"turns":3},{"damage":3,"enemies":"Large Slime","floor":13,"turns":7},{"damage":8,"enemies":"Exordium Thugs","floor":14,"turns":6},{"damage":26,"enemies":"The Guardian","floor":16,"turns":14},{"damage":19,"enemies":"3 Byrds","floor":18,"turns":7},{"damage":10,"enemies":"Spheric Guardian","floor":19,"turns":6},{"damage":36,"enemies":"Slaver and Parasite","floor":20,"turns":8},{"damage":31,"enemies":"3 Cultists","floor":24,"turns":4}],"event_choices":[{"event_name":"Liars Game","player_choice":"agreed","floor":11,"damage_taken":0},{"event_name":"The Mausoleum","player_choice":"Yes","floor":22,"damage_taken":0}],"boss_relics":[{"not_picked":["Velvet Choker","Runic Dome"],"picked":"Orrery"}],"potions_floor_spawned":[4,7,8,18,19],"seed_played":"-8457603348065728666","killed_by":"3 Cultists","ascension_level":0,"is_trial":false}