{"path_per_floor":["M","$","M","?","?","E","R","?","T","M","R","M","M","M","R","B",null,"M","?","?","?","M","R","M","M","T","$","T"],"character_chosen":"THE_SILENT","items_purchased":["Pear"],"gold_per_floor":[111,111,129,129,129,162,162,112,112,122,122,134,149,159,159,263,263,280,280,195,195,215,215,225,238,265,13,13],"floor_reached":29,"campfire_rested":1,"playtime":3528,"current_hp_per_floor":[70,70,63,63,60,28,28,28,28,28,28,26,26,18,39,11,70,53,49,49,49,47,47,48,7,7,17,17],"items_purged":[],"gold":13,"play_id":"c4f17996-b3e8-4698-93f4-c91f52f9654d","is_prod":false,"is_daily":false,"campfire_rituals":0,"campfire_upgraded":3,"is_hardmode":false,"path_taken":["M","$","M","?","?","E","R","?","T","M","R","?","?","M","R","BOSS","M","?","?","?","M","R","M","M","T","$","?","E"],"build_version":"2018-01-18-PROD4","purchased_purges":0,"victory":false,"master_deck":["Defend_G","Defend_G","Defend_G","Defend_G","Defend_G","Survivor","Neutralize","Acrobatics","Envenom","Predator","Dodge and Roll","Blur","Dagger Spray","Backflip","Burst","Poisoned Stab","Bite_G","Bite_G","Bite_G","Bite_G","Bite_G","Noxious Fumes","Dagger Throw","Outmaneuver","Flying Knee"],"max_hp_per_floor":[70,70,70,70,70,70,70,70,70,70,70,70,70,70,70,70,70,70,49,49,49,49,49,49,49,49,59,59],"relics":["Ring of the Snake","Ginger","Kunai","Lantern","Smiling Mask","The Specimen","Blood Vial","Dream Catcher","Pear","Bottled Lightning"],"campfire_meditates":0,"card_choices":[{"not_picked":["Slice","Infinite Blades"],"picked":"Acrobatics"},{"not_picked":["Prepared","Infinite Blades"],"picked":"Envenom"},{"not_picked":["Masterful Stab","Reflex"],"picked":"Predator"},{"not_picked":["Blade Dance","Dagger Spray"],"picked":"Dodge and Roll"},{"not_picked":["Deadly Poison","Underhanded Strike"],"picked":"Blur"},{"not_picked":["Slice","Deadly Poison"],"picked":"Dagger Spray"},{"not_picked":["Choke","Terror"],"picked":"Backflip"},{"not_picked":["Phantasmal Killer","Wraith Form"],"picked":"Burst"},{"not_picked":["Endless Agony","Prepared"],"picked":"Poisoned Stab"},{"not_picked":["PiercingWail","Bane"],"picked":"Dagger Throw"},{"not_picked":["PiercingWail","Prepared"],"picked":"Outmaneuver"},{"not_picked":["Flechettes","Prepared"],"picked":"Flying Knee"}],"player_experience":56296,"potions_floor_usage":[14,16,25,25,29],"damage_taken":[{"damage":0,"enemies":"2 Louse","floor":1,"turns":5},{"damage":7,"enemies":"Blue Slaver","floor":3,"turns":5},{"damage":32,"enemies":"Lagavulin","floor":6,"turns":9},{"damage":0,"enemies":"Jaw Worm","floor":10,"turns":4},{"damage":2,"enemies":"Lots of Slimes","floor":12,"turns":6},{"damage":0,"enemies":"2 Fungi Beasts","floor":13,"turns":5},{"damage":8,"enemies":"Exordium Thugs","floor":14,"turns":5},{"damage":28,"enemies":"The Guardian","floor":16,"turns":14},{"damage":17,"enemies":"3 Byrds","floor":18,"turns":8},{"damage":6,"enemies":"Shell Parasite","floor":22,"turns":7},{"damage":3,"enemies":"Centurion and Healer","floor":24,"turns":8},{"damage":46,"enemies":"3 Cultists","floor":25,"turns":5},{"damage":19,"enemies":"Gremlin Leader","floor":29,"turns":2}],"event_choices":[{"event_name":"Fountain of Cleansing","player_choice":"Removed Curse","floor":4,"damage_taken":0},{"event_name":"Scrap Ooze","player_choice":"success","floor":5,"damage_taken":3},{"event_name":"World of Goop","player_choice":"Left","floor":8,"damage_taken":0},{"event_name":"Vampires","player_choice":"Became a vampire","floor":19,"damage_taken":0},{"event_name":"Addict","player_choice":"Obtained Relic","floor":20,"damage_taken":0},{"event_name":"The Library","player_choice":"Read","floor":21,"damage_taken":0}],"boss_relics":[{"not_picked":["Lizard Tail","White Beast Statue"],"picked":"The Specimen"}],"potions_floor_spawned":[10,12,13,16,18,22],"seed_played":"4610632486651931887","killed_by":"Gremlin Leader","is_trial":false}