{"path_per_floor":["M","$","?","M","?","E","?","M","T","E","M","$","R","M","R","B",null,"M","M","?","?","?","R","E","R","T","M"],"character_chosen":"THE_SILENT","items_purchased":["Noxious Fumes","Noxious Fumes"],"gold_per_floor":[115,41,41,51,51,77,77,93,93,121,138,59,59,69,69,172,172,184,196,111,141,66,66,101,101,101,114],"floor_reached":28,"campfire_rested":2,"playtime":12918,"current_hp_per_floor":[67,67,67,67,60,41,41,33,33,33,31,31,31,27,48,26,70,61,44,44,44,44,44,28,49,49,28],"items_purged":[],"gold":114,"play_id":"7eadd465-4c8f-420e-bfa1-1140b6559aeb","is_prod":false,"is_daily":false,"is_ascension_mode":true,"campfire_upgraded":2,"path_taken":["M","$","?","M","?","E","?","?","T","E","M","?","R","?","R","BOSS","M","?","?","?","?","R","E","R","T","M","E"],"build_version":"2018-01-25-PROD3","purchased_purges":0,"victory":false,"master_deck":["Defend_G","Defend_G","Defend_G","Defend_G","Defend_G","Strike_G","Strike_G","Strike_G","Survivor","Neutralize","Noxious Fumes+1","Noxious Fumes+1","Poisoned Stab","Bane","Calculated Gamble+1","Noxious Fumes+1","Dodge and Roll","Sucker Punch+1","Dagger Spray+1","Reflex+1"],"max_hp_per_floor":[70,70,70,70,70,70,70,70,70,70,70,70,70,70,70,70,70,70,70,70,70,70,70,70,70,70,70],"relics":["Ring of the Snake","Happy Flower","Calipers","Bottled Tornado","Black Star","Art of War","Tiny Chest","Juzu Bracelet","Frozen Egg","Sundial"],"card_choices":[{"not_picked":["Deflect","Blade Dance"],"picked":"Noxious Fumes"},{"not_picked":["Dagger Throw","Flying Knee"],"picked":"Poisoned Stab"},{"not_picked":["Flechettes","Choke"],"picked":"Bane"},{"not_picked":["Finisher","Masterful Stab"],"picked":"Calculated Gamble"},{"not_picked":["Acrobatics","Deflect"],"picked":"Dodge and Roll"},{"not_picked":["Poisoned Stab","Quick Slash"],"picked":"Sucker Punch"},{"not_picked":["Cloak And Dagger","Deadly Poison"],"picked":"Dagger Spray"},{"not_picked":["Acrobatics","Bane"],"picked":"Reflex"}],"player_experience":126506,"potions_floor_usage":[10,10,14,24],"damage_taken":[{"damage":3,"enemies":"Jaw Worm","floor":1,"turns":5},{"damage":0,"enemies":"2 Louse","floor":4,"turns":3},{"damage":19,"enemies":"3 Sentries","floor":6,"turns":7},{"damage":8,"enemies":"Small Slimes","floor":8,"turns":4},{"damage":0,"enemies":"Gremlin Nob","floor":10,"turns":3},{"damage":2,"enemies":"Looter","floor":11,"turns":4},{"damage":4,"enemies":"Large Slime","floor":14,"turns":5},{"damage":22,"enemies":"Hexaghost","floor":16,"turns":7},{"damage":9,"enemies":"3 Byrds","floor":18,"turns":5},{"damage":17,"enemies":"Spheric Guardian","floor":19,"turns":5},{"damage":31,"enemies":"Gremlin Leader","floor":24,"turns":6},{"damage":21,"enemies":"Snake Plant","floor":27,"turns":5},{"damage":29,"enemies":"Book of Stabbing","floor":28,"turns":4}],"event_choices":[{"event_name":"Living Wall","player_choice":"Grow","floor":3,"damage_taken":0},{"event_name":"Golden Wing","player_choice":"Card Removal","floor":5,"damage_taken":0},{"event_name":"The Lab","player_choice":"Got Potions","floor":7,"damage_taken":0},{"event_name":"Addict","player_choice":"Obtained Relic","floor":20,"damage_taken":0},{"event_name":"Accursed Blacksmith","player_choice":"Rummage","floor":21,"damage_taken":0},{"event_name":"Beggar","player_choice":"Gave Gold","floor":22,"damage_taken":0}],"boss_relics":[{"not_picked":["Velvet Choker","Calling Bell"],"picked":"Black Star"}],"potions_floor_spawned":[4,8,11,19],"seed_played":"8603494299572193377","killed_by":"Book of Stabbing","ascension_level":2,"is_trial":false}