{"path_per_floor":["M","?","M","?","?","R","E","$","T","R","?","M","R","M","R","B",null,"M","M","$","?","?","R","E","?","T","M","M","M","R","M","R","B",null,"M","M","M","$","M","R","M","?","T","?","M","R","M","E","R","B"],"character_chosen":"THE_SILENT","items_purchased":["Ice Cream","Blur","Unceasing Top","Shuriken","Skewer","Backstab"],"gold_per_floor":[116,116,128,303,378,378,406,29,329,329,329,345,345,363,363,464,464,479,499,62,62,62,62,90,90,169,179,193,207,207,223,223,328,328,341,356,372,13,33,33,46,46,46,46,57,57,75,110,110,110],"floor_reached":51,"campfire_rested":2,"playtime":4573,"current_hp_per_floor":[63,63,63,63,52,52,52,52,52,52,57,57,57,55,55,44,67,46,41,41,41,27,51,47,40,40,37,26,26,38,28,28,1,30,29,29,23,23,19,19,19,35,35,35,35,35,28,35,35,35],"items_purged":["Doubt","Strike_G"],"gold":110,"score":1200,"play_id":"9b54a5cb-5a20-42a5-a927-4c6540146849","local_time":"20180331130528","is_prod":false,"is_daily":false,"is_ascension_mode":true,"campfire_upgraded":8,"timestamp":1522490728,"path_taken":["M","?","M","?","?","R","E","$","T","R","?","M","R","M","R","BOSS","M","M","$","?","?","R","E","?","T","M","M","?","R","M","R","BOSS","M","M","M","$","M","R","M","?","T","?","?","R","M","E","R","BOSS"],"build_version":"2018-03-29v2","purchased_purges":3,"victory":true,"master_deck":["Defend_G+1","Defend_G+1","Defend_G+1","Defend_G+1","Defend_G+1","Strike_G+1","Strike_G+1","Strike_G+1","Survivor","Neutralize+1","AscendersBane","Escape Plan","Malaise+1","Caltrops+1","Deflect","Backflip+1","Die Die Die","All Out Attack+1","Blur","Ghostly+1","Ghostly+1","Ghostly","Ghostly","Ghostly","Terror+1","Cloak And Dagger+1","PiercingWail","Grand Finale","Concentrate+1","Blur+1","Skewer+1","Backstab","Prepared+1","Doubt","Cloak And Dagger+1","Concentrate+1","Backflip+1","Prepared+1"],"max_hp_per_floor":[70,70,70,70,70,70,70,70,70,70,75,75,75,75,75,75,75,75,75,75,75,80,80,80,40,40,40,40,40,40,40,40,40,40,40,40,40,40,40,40,40,35,35,35,35,35,35,42,42,42],"relics":["Ring of the Snake","NeowsBlessing","Du-Vu Doll","Ice Cream","Old Coin","Runic Pyramid","Unceasing Top","Prayer Wheel","Paper Crane","Cursed Key","Shuriken","Thread and Needle","Strawberry"],"card_choices":[{"not_picked":["Dagger Spray","Predator"],"picked":"Escape Plan","floor":1.0},{"not_picked":["Finisher","Backstab"],"picked":"Malaise","floor":3.0},{"not_picked":["Prepared","Deadly Poison"],"picked":"Caltrops","floor":7.0},{"not_picked":["Crippling Poison","Sucker Punch"],"picked":"Deflect","floor":12.0},{"not_picked":["Flying Knee","Cloak And Dagger"],"picked":"Backflip","floor":14.0},{"not_picked":["Storm of Steel","Venomology"],"picked":"Die Die Die","floor":16.0},{"not_picked":["Acrobatics","Flechettes"],"picked":"All Out Attack","floor":18.0},{"not_picked":["Dagger Spray","Bane"],"picked":"Terror","floor":26.0},{"not_picked":["Underhanded Strike","Flying Knee"],"picked":"Cloak And Dagger","floor":27.0},{"not_picked":["Masterful Stab","Slice"],"picked":"PiercingWail","floor":28.0},{"not_picked":["PiercingWail","Deadly Poison"],"picked":"Grand Finale","floor":29.0},{"not_picked":["Deflect","Backflip"],"picked":"Concentrate","floor":31.0},{"not_picked":["Sucker Punch","Cloak And Dagger"],"picked":"Blur","floor":36.0},{"not_picked":["Slice","Deadly Poison"],"picked":"Prepared","floor":41.0},{"not_picked":["Skewer","Predator"],"picked":"Cloak And Dagger","floor":43},{"not_picked":["Accuracy","Dagger Spray"],"picked":"Concentrate","floor":45},{"not_picked":["Dagger Throw","Tactician"],"picked":"Backflip","floor":47},{"not_picked":["Cloak And Dagger","PiercingWail"],"picked":"Prepared","floor":48}],"player_experience":511350,"potions_floor_usage":[],"damage_taken":[{"damage":0.0,"enemies":"2 Louse","floor":1.0,"turns":1.0},{"damage":0.0,"enemies":"Cultist","floor":3.0,"turns":1.0},{"damage":0.0,"enemies":"3 Sentries","floor":7.0,"turns":2.0},{"damage":0.0,"enemies":"Small Slimes","floor":12.0,"turns":3.0},{"damage":2.0,"enemies":"2 Fungi Beasts","floor":14.0,"turns":4.0},{"damage":11.0,"enemies":"The Guardian","floor":16.0,"turns":14.0},{"damage":21.0,"enemies":"Spheric Guardian","floor":18.0,"turns":5.0},{"damage":5.0,"enemies":"3 Byrds","floor":19.0,"turns":4.0},{"damage":4.0,"enemies":"Book of Stabbing","floor":24.0,"turns":8.0},{"damage":3.0,"enemies":"3 Cultists","floor":27.0,"turns":6.0},{"damage":11.0,"enemies":"Sentry and Sphere","floor":28.0,"turns":8.0},{"damage":0.0,"enemies":"Snake Plant","floor":29.0,"turns":5.0},{"damage":10.0,"enemies":"Chosen and Byrds","floor":31.0,"turns":11.0},{"damage":27.0,"enemies":"Automaton","floor":33.0,"turns":17.0},{"damage":1.0,"enemies":"3 Shapes","floor":35.0,"turns":12.0},{"damage":0.0,"enemies":"Orb Walker","floor":36.0,"turns":5.0},{"damage":6.0,"enemies":"3 Darklings","floor":37.0,"turns":9.0},{"damage":4.0,"enemies":"4 Shapes","floor":39.0,"turns":8.0},{"damage":0.0,"enemies":"Sphere and 2 Shapes","floor":41.0,"turns":8.0},{"damage":0,"enemies":"Maw","floor":45,"turns":10},{"damage":7,"enemies":"4 Shapes","floor":47,"turns":6},{"damage":0,"enemies":"Nemesis","floor":48,"turns":5},{"damage":0,"enemies":"Time Eater","floor":50,"turns":9}],"event_choices":[{"event_name":"Purifier","player_choice":"One Purge","floor":2.0,"damage_taken":0.0},{"event_name":"Liars Game","player_choice":"agreed","floor":4.0,"damage_taken":0.0},{"event_name":"World of Goop","player_choice":"Gather Gold","floor":5.0,"damage_taken":0.0},{"event_name":"Big Fish","player_choice":"Donut","floor":11.0,"damage_taken":0.0},{"event_name":"Back to Basics","player_choice":"Simplicity","floor":21.0,"damage_taken":0.0},{"event_name":"Forgotten Altar","player_choice":"Shed Blood","floor":22.0,"damage_taken":0.0},{"event_name":"Ghosts","player_choice":"Became a Ghost","floor":25.0,"damage_taken":0.0},{"event_name":"The Moai Head","player_choice":"Heal","floor":42,"damage_taken":0},{"event_name":"Mysterious Sphere","player_choice":"Ignore","floor":44,"damage_taken":0}],"boss_relics":[],"potions_floor_spawned":[1,7,12,19,29,33,35,47,48],"seed_played":"6944393507099625610","ascension_level":10,"is_trial":false}