{"path_per_floor":["M","M","$","?","?","R","E","R","T","M","$","R","M","?","R","B",null,"M","M","M","$"],"character_chosen":"THE_SILENT","items_purchased":["PiercingWail","Footwork","Bronze Scales","Leg Sweep"],"gold_per_floor":[216,227,202,202,152,152,186,186,186,203,125,125,136,136,136,234,234,252,234,254,69,69],"floor_reached":22,"campfire_rested":1,"playtime":3206,"current_hp_per_floor":[62,60,60,57,57,57,16,37,37,37,37,37,37,37,37,21,58,31,25,20,20,0],"items_purged":[],"gold":69,"score":285,"play_id":"7f859b5b-a7ee-43a9-9be8-7ecd49f8f7d2","local_time":"20180331191734","is_prod":false,"is_daily":false,"is_ascension_mode":true,"campfire_upgraded":1,"timestamp":1522513054,"path_taken":["M","M","$","?","?","R","E","R","T","M","$","R","?","?","R","BOSS","M","M","M","$","M"],"build_version":"2018-03-29v2","purchased_purges":1,"victory":false,"master_deck":["Defend_G","Defend_G","Defend_G","Defend_G","Defend_G","Strike_G","Strike_G","Strike_G","Strike_G","Survivor","Neutralize+1","AscendersBane","PiercingWail","Flying Knee","PiercingWail","Dash","Footwork","Malaise+1","Adrenaline","Deadly Poison","Catalyst","Deadly Poison","Poisoned Stab","Footwork","Malaise","Leg Sweep"],"max_hp_per_floor":[70,70,70,70,70,70,70,70,70,70,70,70,70,70,70,70,70,70,70,70,70,70],"relics":["Ring of the Snake","Blue Candle","Mercury Hourglass","Girya","Orrery","Bronze Scales"],"card_choices":[{"not_picked":["Sucker Punch","Finisher"],"picked":"PiercingWail","floor":1.0},{"not_picked":["Accuracy","Dagger Spray"],"picked":"Flying Knee","floor":2.0},{"not_picked":["Burst","Bane"],"picked":"Dash","floor":7.0},{"not_picked":["Backflip","All Out Attack"],"picked":"Malaise","floor":13.0},{"not_picked":["Doppelganger","Storm of Steel"],"picked":"Adrenaline","floor":16.0},{"not_picked":["Reflex","Phantasmal Killer"],"picked":"Deadly Poison","floor":17.0},{"not_picked":["PiercingWail","Setup"],"picked":"Catalyst","floor":17.0},{"not_picked":["Deflect","Dagger Spray"],"picked":"Deadly Poison","floor":17.0},{"not_picked":["Infinite Blades","Cloak And Dagger"],"picked":"Poisoned Stab","floor":17.0},{"not_picked":["Dodge and Roll","Predator"],"picked":"Footwork","floor":18.0},{"not_picked":["Crippling Poison","Acrobatics"],"picked":"Malaise","floor":19.0}],"player_experience":515923,"potions_floor_usage":[20,22],"damage_taken":[{"damage":1.0,"enemies":"Small Slimes","floor":1.0,"turns":4.0},{"damage":2.0,"enemies":"2 Louse","floor":2.0,"turns":3.0},{"damage":41.0,"enemies":"3 Sentries","floor":7.0,"turns":13.0},{"damage":0.0,"enemies":"Cultist","floor":10.0,"turns":4.0},{"damage":0.0,"enemies":"2 Fungi Beasts","floor":13.0,"turns":3.0},{"damage":16.0,"enemies":"Hexaghost","floor":16.0,"turns":19.0},{"damage":27.0,"enemies":"Chosen","floor":18.0,"turns":6.0},{"damage":6.0,"enemies":"2 Thieves","floor":19.0,"turns":4.0},{"damage":5,"enemies":"Snecko","floor":20,"turns":6},{"damage":20,"enemies":"Slaver and Parasite","floor":22,"turns":7}],"event_choices":[{"event_name":"Scrap Ooze","player_choice":"success","floor":4.0,"damage_taken":3.0},{"event_name":"The Cleric","player_choice":"Card Removal","floor":5.0,"damage_taken":0.0},{"event_name":"Living Wall","player_choice":"Grow","floor":14.0,"damage_taken":0.0}],"boss_relics":[],"potions_floor_spawned":[1,2,7,10,19,20],"seed_played":"5201332347445275621","killed_by":"Slaver and Parasite","ascension_level":11,"is_trial":false}