{"path_per_floor":["M","$","M","$","M","R","?","M","T","M","R","M","E","$","R","B",null,"M","?","M","$","T","R","M","M","T","R","$","$","R","M","R","B",null,"M","M","$","T","?","R","M","R","T","R","$","E","?","M","R","B"],"character_chosen":"THE_SILENT","items_purchased":["Footwork","Ancient Tea Set","Noxious Fumes","Footwork","Strawberry"],"gold_per_floor":[113,36,46,46,62,62,82,98,98,113,113,130,162,7,7,107,137,77,77,92,53,110,110,127,137,163,163,163,11,11,26,26,131,131,142,152,152,152,152,152,164,164,164,164,8,38,38,57,57,57],"floor_reached":51,"campfire_rested":1,"playtime":2948,"current_hp_per_floor":[62,62,49,49,50,50,38,41,41,39,39,43,34,34,34,27,59,57,57,58,58,58,58,61,58,58,58,58,58,58,66,66,22,57,46,22,22,22,39,51,25,37,37,49,56,15,15,10,44,33],"items_purged":["Strike_G"],"gold":57,"score":1062,"play_id":"efa65397-3df3-40b7-a1c3-2ddaa227d009","local_time":"20180331213549","is_prod":false,"is_daily":false,"is_ascension_mode":true,"campfire_upgraded":10,"timestamp":1522521349,"path_taken":["M","$","M","$","M","R","?","M","T","M","R","M","E","$","R","BOSS","M","?","?","$","?","R","M","?","T","R","?","$","R","M","R","BOSS","M","M","$","?","?","R","M","R","T","R","$","E","?","?","R","BOSS"],"build_version":"2018-03-29v2","purchased_purges":1,"victory":true,"master_deck":["Defend_G+1","Defend_G+1","Defend_G+1","Defend_G+1","Defend_G+1","Strike_G+1","Strike_G+1","Strike_G+1","Strike_G+1","Survivor","Neutralize+1","AscendersBane","Blur+1","Footwork+1","Well Laid Plans+1","Noxious Fumes+1","Leg Sweep+1","Backflip","Caltrops+1","PiercingWail","Bouncing Flask+1","Die Die Die","Caltrops+1","Escape Plan","Prepared+1","Noxious Fumes+1","Catalyst+1","Footwork+1","Backflip","Writhe","Escape Plan","Footwork"],"max_hp_per_floor":[63,63,63,63,63,63,63,63,63,63,63,63,63,63,63,63,68,68,68,68,68,68,68,68,68,68,68,68,68,68,68,68,68,68,68,68,68,68,68,68,68,68,68,68,75,75,75,75,75,75],"relics":["Ring of the Snake","Bird Faced Urn","Odd Mushroom","Calipers","Blood Vial","Ancient Tea Set","Tiny House","Tiny Chest","Dream Catcher","Eternal Feather","Kunai","Du-Vu Doll","Strawberry","Shovel"],"card_choices":[{"not_picked":["Deflect","Flechettes"],"picked":"Blur","floor":1.0},{"not_picked":["All Out Attack","Dodge and Roll"],"picked":"Well Laid Plans","floor":3.0},{"not_picked":["Prepared","Bane"],"picked":"Noxious Fumes","floor":5.0},{"not_picked":["Crippling Poison","Bouncing Flask"],"picked":"Leg Sweep","floor":7.0},{"not_picked":["Quick Slash","Bane"],"picked":"Backflip","floor":8.0},{"not_picked":["Prepared","Backflip"],"picked":"Caltrops","floor":10.0},{"not_picked":["Dodge and Roll","Wraith Form"],"picked":"PiercingWail","floor":12.0},{"not_picked":["Backflip","Dagger Spray"],"picked":"Bouncing Flask","floor":13.0},{"not_picked":["Tools of the Trade","Doppelganger"],"picked":"Die Die Die","floor":16.0},{"not_picked":["Finisher","Slice"],"picked":"Caltrops","floor":17.0},{"not_picked":["Bane","PiercingWail"],"picked":"Escape Plan","floor":18.0},{"not_picked":["Slice","Quick Slash"],"picked":"Prepared","floor":20.0},{"not_picked":["Noxious Fumes","Terror"],"picked":"Catalyst","floor":25.0},{"not_picked":["Sucker Punch","Blade Dance"],"picked":"Backflip","floor":35.0},{"not_picked":["Underhanded Strike","Sucker Punch"],"picked":"Escape Plan","floor":46},{"not_picked":["Dagger Spray","Backstab"],"picked":"Footwork","floor":48}],"player_experience":523239,"potions_floor_usage":[50,50],"damage_taken":[{"damage":1.0,"enemies":"Small Slimes","floor":1.0,"turns":4.0},{"damage":15.0,"enemies":"2 Louse","floor":3.0,"turns":3.0},{"damage":3.0,"enemies":"Cultist","floor":5.0,"turns":6.0},{"damage":18.0,"enemies":"The Mushroom Lair","floor":7.0,"turns":5.0},{"damage":3.0,"enemies":"Large Slime","floor":8.0,"turns":8.0},{"damage":8.0,"enemies":"3 Louse","floor":10.0,"turns":5.0},{"damage":0.0,"enemies":"Lots of Slimes","floor":12.0,"turns":1.0},{"damage":17.0,"enemies":"Gremlin Nob","floor":13.0,"turns":6.0},{"damage":17.0,"enemies":"The Guardian","floor":16.0,"turns":10.0},{"damage":10.0,"enemies":"2 Thieves","floor":18.0,"turns":4.0},{"damage":11.0,"enemies":"3 Byrds","floor":20.0,"turns":2.0},{"damage":7.0,"enemies":"3 Cultists","floor":24.0,"turns":4.0},{"damage":16.0,"enemies":"Cultist and Chosen","floor":25.0,"turns":6.0},{"damage":4.0,"enemies":"Snake Plant","floor":31.0,"turns":5.0},{"damage":46.0,"enemies":"Collector","floor":33.0,"turns":9.0},{"damage":27.0,"enemies":"3 Shapes","floor":35.0,"turns":7.0},{"damage":36.0,"enemies":"Orb Walker","floor":36.0,"turns":6.0},{"damage":42.0,"enemies":"4 Shapes","floor":41.0,"turns":8.0},{"damage":55,"enemies":"2 Orb Walkers","floor":46,"turns":5},{"damage":21,"enemies":"Maw","floor":48,"turns":9},{"damage":29,"enemies":"Donu and Deca","floor":50,"turns":13}],"event_choices":[{"event_name":"Mushrooms","player_choice":"Fought Mushrooms","floor":7.0,"damage_taken":0.0},{"event_name":"Back to Basics","player_choice":"Simplicity","floor":19.0,"damage_taken":0.0},{"event_name":"Winding Halls","player_choice":"Writhe","floor":39.0,"damage_taken":0.0},{"event_name":"Mysterious Sphere","player_choice":"Ignore","floor":47,"damage_taken":0}],"boss_relics":[],"potions_floor_spawned":[3,7,10,12,16,20,24,25,36,46,48],"seed_played":"4997358467614606343","ascension_level":12,"is_trial":false}