{"path_per_floor":["M","M","?","M","M","R","E","R","T","E","M","R","E","M","R","B",null,"M","?","$","?","M","R","?","M","T","R","T","R","M","M","R"],"character_chosen":"THE_SILENT","items_purchased":["Caltrops","Noxious Fumes","Leg Sweep"],"gold_per_floor":[115,126,126,140,154,154,188,188,213,243,255,255,287,299,299,399,399,399,399,218,218,158,158,158,158,158,158,158,158,158,158,158,158],"floor_reached":33,"campfire_rested":3,"playtime":2570,"current_hp_per_floor":[56,55,55,55,52,52,43,43,43,25,22,43,18,18,39,10,55,53,53,53,53,42,42,42,38,38,38,38,38,34,33,54,0],"items_purged":[],"gold":158,"score":401,"play_id":"93f49318-0e95-4b0f-bb4e-4104f5ad807e","local_time":"20180330105023","is_prod":false,"is_daily":false,"is_ascension_mode":true,"campfire_upgraded":5,"timestamp":1522396223,"path_taken":["M","M","?","M","M","R","E","R","T","E","M","R","E","M","R","BOSS","M","?","$","?","?","R","?","M","T","R","?","R","M","M","R","BOSS"],"build_version":"2018-03-29","purchased_purges":1,"victory":false,"master_deck":["Defend_G+1","Defend_G+1","Defend_G+1","Defend_G+1","Defend_G+1","Strike_G+1","Strike_G+1","Strike_G+1","Strike_G+1","Survivor","Neutralize+1","AscendersBane","Malaise+1","Quick Slash","Flying Knee","Acrobatics","Eviscerate+1","Backflip","Calculated Gamble","Tools of the Trade","Noxious Fumes+1","Burst","Deflect+1","Caltrops","Noxious Fumes+1","Leg Sweep","Malaise+1","Outmaneuver+1"],"max_hp_per_floor":[70,70,70,70,70,70,70,70,70,70,70,70,70,70,70,70,70,70,70,70,70,70,70,70,70,70,70,70,70,70,70,70,70],"relics":["Ring of the Snake","Vajra","Bag of Preparation","Happy Flower","The Courier","Blue Candle","Ectoplasm","Anchor","Orichalcum"],"card_choices":[{"not_picked":["Catalyst","Underhanded Strike"],"picked":"Malaise","floor":1.0},{"not_picked":["Outmaneuver","Slice"],"picked":"Quick Slash","floor":2.0},{"not_picked":["Underhanded Strike","Poisoned Stab"],"picked":"Flying Knee","floor":4.0},{"not_picked":["Infinite Blades","Prepared"],"picked":"Acrobatics","floor":5.0},{"not_picked":["Calculated Gamble","Underhanded Strike"],"picked":"Eviscerate","floor":7.0},{"not_picked":["Sucker Punch","Accuracy"],"picked":"Backflip","floor":10.0},{"not_picked":["Deadly Poison","Accuracy"],"picked":"Calculated Gamble","floor":11.0},{"not_picked":["Expertise","Eviscerate"],"picked":"Tools of the Trade","floor":13.0},{"not_picked":["Leg Sweep","Crippling Poison"],"picked":"Noxious Fumes","floor":14.0},{"not_picked":["Wraith Form","Phantasmal Killer"],"picked":"Burst","floor":16.0},{"not_picked":["Crippling Poison","Acrobatics"],"picked":"Deflect","floor":18.0},{"not_picked":["Noxious Fumes","Backflip"],"picked":"Malaise","floor":25.0},{"not_picked":["Dagger Spray","Cloak And Dagger"],"picked":"Outmaneuver","floor":31.0}],"player_experience":505427,"potions_floor_usage":[],"damage_taken":[{"damage":7.0,"enemies":"Small Slimes","floor":1.0,"turns":3.0},{"damage":1.0,"enemies":"Jaw Worm","floor":2.0,"turns":6.0},{"damage":0.0,"enemies":"2 Louse","floor":4.0,"turns":5.0},{"damage":3.0,"enemies":"Blue Slaver","floor":5.0,"turns":6.0},{"damage":9.0,"enemies":"Gremlin Nob","floor":7.0,"turns":5.0},{"damage":18.0,"enemies":"3 Sentries","floor":10.0,"turns":9.0},{"damage":3.0,"enemies":"3 Louse","floor":11.0,"turns":6.0},{"damage":25.0,"enemies":"Gremlin Nob","floor":13.0,"turns":4.0},{"damage":0.0,"enemies":"Large Slime","floor":14.0,"turns":5.0},{"damage":29.0,"enemies":"Slime Boss","floor":16.0,"turns":8.0},{"damage":2.0,"enemies":"3 Byrds","floor":18.0,"turns":5.0},{"damage":11.0,"enemies":"2 Thieves","floor":22.0,"turns":5.0},{"damage":4.0,"enemies":"Cultist and Chosen","floor":25.0,"turns":6.0},{"damage":4.0,"enemies":"Centurion and Healer","floor":30.0,"turns":6.0},{"damage":1.0,"enemies":"3 Cultists","floor":31.0,"turns":5.0},{"damage":57,"enemies":"Champ","floor":33,"turns":11}],"event_choices":[{"event_name":"Living Wall","player_choice":"Grow","floor":3.0,"damage_taken":0.0},{"event_name":"Back to Basics","player_choice":"Simplicity","floor":19.0,"damage_taken":0.0},{"event_name":"Vampires","player_choice":"Ignored","floor":21.0,"damage_taken":0.0},{"event_name":"Purifier","player_choice":"One Purge","floor":24.0,"damage_taken":0.0}],"boss_relics":[],"potions_floor_spawned":[1,2,5,10,30],"seed_played":"-5032736328041830102","killed_by":"Champ","ascension_level":10,"is_trial":false}