{"path_per_floor":["M","$","M","?","$","E","R","?","T","R","M","E","M","E","R","B",null,"M","?","?","M","M","R","?","E","T","M","?","R","$","M","R"],"character_chosen":"THE_SILENT","items_purchased":["Caltrops","Toxic Egg 2","Snake Skull"],"gold_per_floor":[114,114,126,126,50,85,85,85,110,110,128,169,185,226,226,322,322,341,341,341,354,370,370,370,406,406,425,425,425,27,46,46,46],"floor_reached":33,"campfire_rested":2,"playtime":1525,"current_hp_per_floor":[63,63,63,63,63,70,70,70,70,70,70,53,50,49,49,32,67,67,67,67,63,54,54,54,45,45,25,25,49,49,47,71,0],"items_purged":[],"gold":46,"score":508,"play_id":"9fa81ad8-4d44-468a-bfac-432408ada3c4","local_time":"20180403141757","is_prod":false,"is_daily":false,"is_ascension_mode":true,"campfire_upgraded":4,"timestamp":1522754277,"path_taken":["M","$","M","?","$","E","R","?","T","R","M","E","M","E","R","BOSS","M","?","?","?","M","R","?","E","T","?","?","R","$","M","R","BOSS"],"build_version":"2018-03-29v2","purchased_purges":0,"victory":false,"master_deck":["Defend_G+1","Defend_G+1","Defend_G+1","Defend_G+1","Defend_G+1","Strike_G+1","Strike_G+1","Survivor","Neutralize+1","AscendersBane","Predator","Flying Knee","Caltrops+1","Backstab","Adrenaline+1","Deflect","Malaise+1","Storm of Steel+1","A Thousand Cuts+1","Escape Plan+1","Backflip","Deadly Poison+1","Caltrops","Cloak And Dagger+1"],"max_hp_per_floor":[70,70,70,70,70,77,77,77,77,77,77,77,77,77,77,79,79,79,79,79,79,79,79,79,79,79,81,81,81,81,83,83,83],"relics":["Ring of the Snake","NeowsBlessing","Golden Idol","Strawberry","Pen Nib","Vajra","Singing Bowl","Astrolabe","Ornamental Fan","Ginger","Toxic Egg 2","Snake Skull"],"card_choices":[{"not_picked":["Sucker Punch","Underhanded Strike"],"picked":"Predator","floor":1},{"not_picked":["Dodge and Roll","Sucker Punch"],"picked":"Flying Knee","floor":3},{"not_picked":["Catalyst","Cloak And Dagger"],"picked":"Backstab","floor":6},{"not_picked":["Finisher","Expertise"],"picked":"Adrenaline","floor":12},{"not_picked":["Underhanded Strike","Flechettes"],"picked":"Deflect","floor":13},{"not_picked":["Poisoned Stab","Quick Slash"],"picked":"Malaise","floor":14},{"not_picked":["Slice","Deflect"],"picked":"Backflip","floor":18},{"not_picked":["Leg Sweep","Bane"],"picked":"Deadly Poison","floor":21},{"not_picked":["Poisoned Stab","Endless Agony"],"picked":"Caltrops","floor":22},{"not_picked":["Prepared","PiercingWail"],"picked":"Cloak And Dagger","floor":25}],"player_experience":566362,"potions_floor_usage":[12,14,18],"damage_taken":[{"damage":0,"enemies":"Cultist","floor":1,"turns":1},{"damage":0,"enemies":"Jaw Worm","floor":3,"turns":1},{"damage":0,"enemies":"Gremlin Nob","floor":6,"turns":1},{"damage":0,"enemies":"2 Louse","floor":11,"turns":1},{"damage":17,"enemies":"Lagavulin","floor":12,"turns":5},{"damage":3,"enemies":"Exordium Thugs","floor":13,"turns":5},{"damage":1,"enemies":"Gremlin Nob","floor":14,"turns":3},{"damage":19,"enemies":"The Guardian","floor":16,"turns":11},{"damage":0,"enemies":"Spheric Guardian","floor":18,"turns":2},{"damage":4,"enemies":"Shell Parasite","floor":21,"turns":5},{"damage":9,"enemies":"Snake Plant","floor":22,"turns":5},{"damage":9,"enemies":"Book of Stabbing","floor":25,"turns":5},{"damage":22,"enemies":"Sentry and Sphere","floor":27,"turns":6},{"damage":4,"enemies":"Cultist and Chosen","floor":31,"turns":9},{"damage":83,"enemies":"Champ","floor":33,"turns":15}],"event_choices":[{"event_name":"Golden Idol","player_choice":"Take Wound","floor":4,"damage_taken":0},{"event_name":"Fountain of Cleansing","player_choice":"Removed Curse","floor":8,"damage_taken":0},{"event_name":"Back to Basics","player_choice":"Simplicity","floor":19,"damage_taken":0},{"event_name":"Vampires","player_choice":"Ignored","floor":20,"damage_taken":0},{"event_name":"Drug Dealer","player_choice":"Ignored","floor":24,"damage_taken":0},{"event_name":"Ghosts","player_choice":"Ignored","floor":28,"damage_taken":0}],"boss_relics":[{"not_picked":["Ectoplasm","Orrery"],"picked":"Astrolabe"}],"potions_floor_spawned":[1,3,12,13,18,31],"seed_played":"7675754390104477258","killed_by":"Champ","ascension_level":13,"is_trial":false}