{"path_per_floor":["M","?","M","T","?","E","R","E","T","M","$","R","E","M","R","B",null,"M","?","M","?","M","R","E","R","T","M"],"character_chosen":"THE_SILENT","items_purchased":[],"gold_per_floor":[115,115,127,152,152,187,187,247,272,282,282,282,317,332,332,406,406,425,425,438,438,450,450,478,478,478,498,498],"floor_reached":28,"campfire_rested":2,"playtime":1461,"current_hp_per_floor":[59,59,59,59,59,43,43,18,18,18,18,37,45,45,45,31,57,57,57,47,66,45,45,18,37,37,37,0],"items_purged":[],"gold":498,"score":435,"play_id":"f5d89798-a7ff-4d34-aaa5-9defe502d1be","local_time":"20180407085953","is_prod":false,"is_daily":false,"is_ascension_mode":true,"campfire_upgraded":2,"timestamp":1523080793,"path_taken":["M","?","?","?","?","E","R","E","T","?","$","R","E","M","R","BOSS","M","?","?","?","?","R","E","R","T","M","E"],"build_version":"2018-04-05v2","purchased_purges":0,"victory":false,"master_deck":["Defend_G","Defend_G","Defend_G","Defend_G","Defend_G","Strike_G","Strike_G","Survivor","Neutralize+1","AscendersBane","Glass Knife+1","Flying Knee","Blur","Choke","Envenom","PiercingWail","PiercingWail","Die Die Die","Riddle With Holes","Leg Sweep","Backflip","Cloak And Dagger+1","Leg Sweep","Injury"],"max_hp_per_floor":[66,66,66,66,66,66,66,66,66,66,66,66,66,66,66,66,66,66,66,66,66,66,66,66,66,66,66,66],"relics":["Ring of the Snake","Anchor","Shovel","Tiny Chest","Vajra","Dream Catcher","Cursed Key","Art of War","Oddly Smooth Stone","Peace Pipe"],"card_choices":[{"not_picked":["Calculated Gamble","Underhanded Strike"],"picked":"Flying Knee","floor":1.0},{"not_picked":["Dodge and Roll","Prepared"],"picked":"Blur","floor":3.0},{"not_picked":["Tools of the Trade","Grand Finale"],"picked":"Envenom","floor":6.0},{"not_picked":["Infinite Blades","Riddle With Holes"],"picked":"PiercingWail","floor":8.0},{"not_picked":["Sucker Punch","Reflex"],"picked":"PiercingWail","floor":10.0},{"not_picked":["Venomology","Burst"],"picked":"Die Die Die","floor":16.0},{"not_picked":["Sucker Punch","Backflip"],"picked":"Riddle With Holes","floor":18.0},{"not_picked":["Dagger Throw","Accuracy"],"picked":"Leg Sweep","floor":20.0},{"not_picked":["Acrobatics","Blade Dance"],"picked":"Backflip","floor":22.0},{"not_picked":["Finisher","Dodge and Roll"],"picked":"Cloak And Dagger","floor":24.0},{"not_picked":["Prepared","Deflect"],"picked":"Leg Sweep","floor":25.0}],"player_experience":312553,"potions_floor_usage":[],"damage_taken":[{"damage":0.0,"enemies":"2 Louse","floor":1.0,"turns":3.0},{"damage":0.0,"enemies":"Cultist","floor":3.0,"turns":4.0},{"damage":16.0,"enemies":"3 Sentries","floor":6.0,"turns":12.0},{"damage":25.0,"enemies":"Lagavulin","floor":8.0,"turns":6.0},{"damage":0.0,"enemies":"Jaw Worm","floor":10.0,"turns":3.0},{"damage":4.0,"enemies":"3 Sentries","floor":13.0,"turns":11.0},{"damage":0.0,"enemies":"Gremlin Gang","floor":14.0,"turns":5.0},{"damage":14.0,"enemies":"Hexaghost","floor":16.0,"turns":10.0},{"damage":0.0,"enemies":"3 Byrds","floor":18.0,"turns":7.0},{"damage":10.0,"enemies":"Spheric Guardian","floor":20.0,"turns":4.0},{"damage":21.0,"enemies":"Snecko","floor":22.0,"turns":5.0},{"damage":27.0,"enemies":"Slavers","floor":24.0,"turns":8.0},{"damage":0.0,"enemies":"Centurion and Healer","floor":27.0,"turns":5.0},{"damage":37,"enemies":"Gremlin Leader","floor":28,"turns":7}],"event_choices":[{"event_name":"Bonfire Elementals","player_choice":"BASIC","floor":2.0,"damage_taken":0.0},{"event_name":"Transmorgrifier","player_choice":"Transform","floor":5.0,"damage_taken":0.0},{"event_name":"The Lab","player_choice":"Got Potions","floor":19.0,"damage_taken":0.0},{"event_name":"The Library","player_choice":"Heal","floor":21.0,"damage_taken":0.0}],"boss_relics":[],"potions_floor_spawned":[1,6,10,16,18,20,22],"seed_played":"6364902958773463500","killed_by":"Gremlin Leader","ascension_level":14,"is_trial":false}