{"path_per_floor":["M","M","?","M","?","E","R","M","T","M","M","M","R","M","R","B",null,"M","T","$","M","$","R","E","R","T","M","M","M","?","M","R"],"character_chosen":"THE_SILENT","items_purchased":["Noxious Fumes","Tough Bandages","Dagger Throw"],"gold_per_floor":[118,137,87,97,97,131,131,143,213,229,243,259,259,272,272,349,349,368,414,19,34,12,12,38,38,92,104,118,134,134,144,144,144],"floor_reached":33,"campfire_rested":5,"playtime":1812,"current_hp_per_floor":[56,56,56,56,43,17,17,15,15,6,4,4,23,18,37,5,51,24,24,24,11,11,30,7,27,27,27,21,11,11,12,49,0],"items_purged":["Regret"],"gold":144,"score":464,"play_id":"1cf2af8e-02e4-440c-9eff-0d8f5a18661b","local_time":"20180408212653","is_prod":false,"is_daily":false,"is_ascension_mode":true,"campfire_upgraded":1,"timestamp":1523212013,"path_taken":["M","?","?","M","?","E","R","?","T","M","M","M","R","M","R","BOSS","M","?","$","M","$","R","E","R","T","M","M","M","?","M","R","BOSS"],"build_version":"2018-04-05v2","purchased_purges":1,"victory":false,"master_deck":["Defend_G","Defend_G","Defend_G","Defend_G","Defend_G","Strike_G","Strike_G","Strike_G","Survivor","Neutralize+1","AscendersBane","Eviscerate","Prepared+1","All Out Attack","Poisoned Stab+1","Backflip","Escape Plan","Outmaneuver","PiercingWail","Terror","Eviscerate","Leg Sweep","Noxious Fumes","Cloak And Dagger+1","Dagger Throw","Doubt","Noxious Fumes"],"max_hp_per_floor":[66,66,66,66,66,66,66,66,66,66,66,66,66,66,66,66,66,66,66,66,66,66,66,68,68,68,68,70,72,72,74,74,74],"relics":["Ring of the Snake","Oddly Smooth Stone","Letter Opener","Cursed Key","Singing Bowl","Tough Bandages","Smiling Mask","Regal Pillow","Calipers"],"card_choices":[{"not_picked":["Flying Knee","Outmaneuver"],"picked":"Prepared","floor":1},{"not_picked":["Poisoned Stab","Backflip"],"picked":"All Out Attack","floor":2},{"not_picked":["Sucker Punch","Dodge and Roll"],"picked":"Poisoned Stab","floor":4},{"not_picked":["PiercingWail","Dagger Spray"],"picked":"Backflip","floor":6},{"not_picked":["Slice","Quick Slash"],"picked":"Escape Plan","floor":8},{"not_picked":["Wraith Form","Eviscerate"],"picked":"Outmaneuver","floor":10},{"not_picked":["Cloak And Dagger","Backflip"],"picked":"PiercingWail","floor":11},{"not_picked":["Underhanded Strike","Venomology"],"picked":"Terror","floor":12},{"not_picked":["Bane","Poisoned Stab"],"picked":"Eviscerate","floor":14},{"not_picked":["PiercingWail","Riddle With Holes"],"picked":"Leg Sweep","floor":18},{"not_picked":["Footwork","Escape Plan"],"picked":"Cloak And Dagger","floor":21},{"not_picked":["Flying Knee","Deflect"],"picked":"Noxious Fumes","floor":27}],"player_experience":322930,"potions_floor_usage":[18,24,33],"damage_taken":[{"damage":3,"enemies":"Cultist","floor":1,"turns":5},{"damage":0,"enemies":"2 Louse","floor":2,"turns":4},{"damage":0,"enemies":"Jaw Worm","floor":4,"turns":4},{"damage":26,"enemies":"3 Sentries","floor":6,"turns":9},{"damage":2,"enemies":"Looter","floor":8,"turns":3},{"damage":9,"enemies":"Large Slime","floor":10,"turns":7},{"damage":2,"enemies":"Exordium Thugs","floor":11,"turns":6},{"damage":0,"enemies":"Red Slaver","floor":12,"turns":3},{"damage":5,"enemies":"Large Slime","floor":14,"turns":4},{"damage":32,"enemies":"Hexaghost","floor":16,"turns":11},{"damage":27,"enemies":"2 Thieves","floor":18,"turns":4},{"damage":13,"enemies":"Chosen","floor":21,"turns":7},{"damage":25,"enemies":"Slavers","floor":24,"turns":7},{"damage":0,"enemies":"Centurion and Healer","floor":27,"turns":7},{"damage":8,"enemies":"Cultist and Chosen","floor":28,"turns":6},{"damage":12,"enemies":"Snake Plant","floor":29,"turns":5},{"damage":1,"enemies":"Centurion and Healer","floor":31,"turns":7},{"damage":57,"enemies":"Champ","floor":33,"turns":12}],"event_choices":[{"event_name":"The Cleric","player_choice":"Card Removal","floor":3,"damage_taken":0},{"event_name":"Shining Light","player_choice":"Entered Light","floor":5,"damage_taken":0},{"event_name":"The Mausoleum","player_choice":"Yes","floor":30,"damage_taken":0}],"boss_relics":[{"not_picked":["White Beast Statue","Tiny House"],"picked":"Cursed Key"}],"potions_floor_spawned":[2,4,6,12,14,18,24],"seed_played":"-6753989876646541298","killed_by":"Champ","ascension_level":14,"is_trial":false}