{"path_per_floor":["M","?","M","M","?","R","?","R","T","R","E","M","$","E","R","B",null,"M","M","$","?","M","R"],"character_chosen":"THE_SILENT","items_purchased":["Bouncing Flask","Footwork"],"gold_per_floor":[110,110,125,139,139,139,139,139,139,139,171,191,44,73,73,147,147,162,174,174,174,194,194,194],"floor_reached":24,"campfire_rested":0,"playtime":984,"current_hp_per_floor":[54,54,54,54,54,54,47,47,47,47,28,28,28,14,14,24,60,53,46,46,46,40,40,0],"items_purged":[],"gold":194,"score":357,"play_id":"91ce72f0-dd31-4875-b12e-230bd53197b2","local_time":"20180409202149","is_prod":false,"is_daily":false,"is_ascension_mode":true,"campfire_upgraded":5,"timestamp":1523294509,"path_taken":["M","?","?","M","?","R","?","R","T","R","E","M","?","E","R","BOSS","M","M","$","?","M","R","E"],"build_version":"2018-04-05v2","purchased_purges":0,"victory":false,"master_deck":["Defend_G","Defend_G","Defend_G","Defend_G","Defend_G","Strike_G","Strike_G+1","Strike_G+1","Strike_G","Survivor+1","Neutralize+1","AscendersBane","Backflip","Dagger Spray+1","Malaise+1","Malaise","Malaise","Bouncing Flask+1","Footwork","Cloak And Dagger","Die Die Die","Well Laid Plans+1","Deadly Poison+1"],"max_hp_per_floor":[72,72,72,72,72,72,72,72,72,72,72,72,72,72,72,72,72,72,72,72,72,72,72,72],"relics":["Ring of the Snake","Oddly Smooth Stone","Whetstone","Bronze Scales","Cursed Key"],"card_choices":[{"not_picked":["Choke","Dodge and Roll"],"picked":"Backflip","floor":1},{"not_picked":["Choke","Bane"],"picked":"Dagger Spray","floor":3},{"not_picked":["Flying Knee","Acrobatics"],"picked":"Malaise","floor":4},{"not_picked":["Blade Dance","Bane"],"picked":"Malaise","floor":11},{"not_picked":["Prepared","Deflect"],"picked":"Malaise","floor":12},{"not_picked":["Dagger Spray","Backflip"],"picked":"Cloak And Dagger","floor":14},{"not_picked":["Tactician","Phantasmal Killer"],"picked":"Die Die Die","floor":16},{"not_picked":["Terror","Dagger Spray"],"picked":"Well Laid Plans","floor":18},{"not_picked":["Expertise","Deflect"],"picked":"Deadly Poison","floor":22}],"player_experience":331780,"potions_floor_usage":[16,24,24],"damage_taken":[{"damage":11,"enemies":"Cultist","floor":1,"turns":5},{"damage":0,"enemies":"2 Louse","floor":3,"turns":3},{"damage":0,"enemies":"Small Slimes","floor":4,"turns":3},{"damage":19,"enemies":"Lagavulin","floor":11,"turns":12},{"damage":0,"enemies":"Red Slaver","floor":12,"turns":5},{"damage":14,"enemies":"Gremlin Nob","floor":14,"turns":4},{"damage":2,"enemies":"Hexaghost","floor":16,"turns":10},{"damage":7,"enemies":"Shell Parasite","floor":18,"turns":4},{"damage":7,"enemies":"Chosen","floor":19,"turns":6},{"damage":6,"enemies":"Centurion and Healer","floor":22,"turns":9},{"damage":40,"enemies":"Slavers","floor":24,"turns":3}],"event_choices":[{"event_name":"Living Wall","player_choice":"Grow","floor":2,"damage_taken":0},{"event_name":"The Cleric","player_choice":"Leave","floor":5,"damage_taken":0},{"event_name":"Golden Wing","player_choice":"Card Removal","floor":7,"damage_taken":0},{"event_name":"Vampires","player_choice":"Ignored","floor":21,"damage_taken":0}],"boss_relics":[{"not_picked":["Lizard Tail","Runic Pyramid"],"picked":"Cursed Key"}],"potions_floor_spawned":[1,12,14,16,18,19],"seed_played":"5439518307624882577","killed_by":"Slavers","ascension_level":15,"is_trial":false}