{"path_per_floor":["M","M","$","M","T","E","M","M","T","$","R","?","M","$","R"],"character_chosen":"THE_SILENT","items_purchased":["Heel Hook"],"gold_per_floor":[118,136,61,76,127,162,173,190,236,136,136,163,182,19,19,19],"floor_reached":16,"campfire_rested":1,"playtime":1031,"current_hp_per_floor":[68,68,68,63,63,27,20,20,20,20,56,39,33,33,33,0],"items_purged":["Strike_G","Strike_G","Distraction"],"gold":19,"score":102,"play_id":"bd9fdd2b-bf1e-47df-9f77-8b94c758f9db","local_time":"20180414142346","is_prod":false,"is_daily":false,"chose_seed":false,"is_ascension_mode":false,"campfire_upgraded":1,"timestamp":1523741026,"path_taken":["M","?","$","M","?","E","?","M","T","?","R","?","M","$","R","BOSS"],"build_version":"2018-04-12","seed_source_timestamp":241292049710006,"purchased_purges":3,"victory":false,"master_deck":["Defend_G","Defend_G","Defend_G","Defend_G","Defend_G","Strike_G","Strike_G","Strike_G","Survivor","Neutralize","Dagger Throw","Outmaneuver","Escape Plan","Slice","Sucker Punch+1","Dagger Throw","Heel Hook"],"max_hp_per_floor":[70,70,70,70,70,70,70,70,70,70,70,70,70,70,70,70],"relics":["Ring of the Snake","Bag of Marbles","Regal Pillow","Blood Vial","Odd Mushroom"],"card_choices":[{"not_picked":["Poisoned Stab","Malaise"],"picked":"Dagger Throw","floor":1},{"not_picked":["Skewer","Terror"],"picked":"Outmaneuver","floor":2},{"not_picked":["Outmaneuver","Well Laid Plans"],"picked":"Escape Plan","floor":4},{"not_picked":["Riddle With Holes","Bane"],"picked":"Slice","floor":6},{"not_picked":["Flying Knee","Catalyst"],"picked":"Sucker Punch","floor":7},{"not_picked":["Backflip","Sucker Punch"],"picked":"Dagger Throw","floor":8},{"not_picked":["Calculated Gamble","Flechettes"],"picked":"Distraction","floor":13}],"player_experience":41129,"potions_floor_usage":[16,16],"damage_taken":[{"damage":2,"enemies":"Cultist","floor":1,"turns":6},{"damage":0,"enemies":"2 Louse","floor":2,"turns":3},{"damage":5,"enemies":"Small Slimes","floor":4,"turns":4},{"damage":36,"enemies":"3 Sentries","floor":6,"turns":17},{"damage":7,"enemies":"3 Louse","floor":7,"turns":3},{"damage":0,"enemies":"Exordium Wildlife","floor":8,"turns":3},{"damage":19,"enemies":"The Mushroom Lair","floor":12,"turns":5},{"damage":8,"enemies":"Lots of Slimes","floor":13,"turns":5},{"damage":50,"enemies":"The Guardian","floor":16,"turns":13}],"event_choices":[{"event_name":"Mushrooms","player_choice":"Fought Mushrooms","floor":12,"damage_taken":0}],"boss_relics":[],"potions_floor_spawned":[2,8],"seed_played":"4043480910799396136","killed_by":"The Guardian","ascension_level":0,"is_trial":false}