{"path_per_floor":["M","M","M","$","M","R","E","M","T","R","?","E","?","?","R"],"character_chosen":"THE_SILENT","items_purchased":["Terror"],"gold_per_floor":[111,128,143,28,41,41,73,92,116,116,184,216,216,291,291,291],"floor_reached":16,"campfire_rested":1,"playtime":1375,"current_hp_per_floor":[68,68,54,54,54,54,37,31,31,31,31,27,13,2,23,0],"items_purged":["Strike_G"],"gold":291,"score":110,"play_id":"2742fe7b-1aae-4914-9ed1-074a35b098b8","local_time":"20180413175739","is_prod":false,"is_daily":false,"chose_seed":false,"is_ascension_mode":false,"campfire_upgraded":2,"timestamp":1523667459,"path_taken":["M","M","M","$","M","R","E","M","T","R","?","E","?","?","R","BOSS"],"build_version":"2018-04-12","seed_source_timestamp":0,"purchased_purges":1,"victory":false,"master_deck":["Defend_G","Defend_G","Defend_G","Defend_G+1","Defend_G","Strike_G","Strike_G","Strike_G","Strike_G+1","Survivor","Neutralize","After Image","Dagger Throw","Dash+1","Burst","Terror","Expertise+1","Expertise","Dagger Throw","Crippling Poison"],"max_hp_per_floor":[70,70,70,70,70,70,70,70,70,70,70,70,70,70,70,70],"relics":["Ring of the Snake","Anchor","Orichalcum","Vajra"],"card_choices":[{"not_picked":["Dodge and Roll","Dagger Spray"],"picked":"Dagger Throw","floor":1},{"not_picked":["Expertise","PiercingWail"],"picked":"Dash","floor":2},{"not_picked":["Dodge and Roll","Dagger Throw"],"picked":"Burst","floor":3},{"not_picked":["Blade Dance","Dagger Spray"],"picked":"Expertise","floor":5},{"not_picked":["Bane","Dagger Spray"],"picked":"Expertise","floor":7},{"not_picked":["Noxious Fumes","Bane"],"picked":"Dagger Throw","floor":8},{"not_picked":["Choke","Footwork"],"picked":"Crippling Poison","floor":12}],"player_experience":24188,"potions_floor_usage":[16,16,16],"damage_taken":[{"damage":2.0,"enemies":"Jaw Worm","floor":1.0,"turns":8.0},{"damage":0,"enemies":"Small Slimes","floor":2,"turns":5},{"damage":14,"enemies":"Exordium Wildlife","floor":3,"turns":9},{"damage":0,"enemies":"Red Slaver","floor":5,"turns":5},{"damage":17,"enemies":"3 Sentries","floor":7,"turns":17},{"damage":6,"enemies":"Large Slime","floor":8,"turns":9},{"damage":4,"enemies":"Lagavulin","floor":12,"turns":8},{"damage":24,"enemies":"The Guardian","floor":16,"turns":10}],"event_choices":[{"event_name":"Golden Wing","player_choice":"Gained Gold","floor":11,"damage_taken":0},{"event_name":"Shining Light","player_choice":"Entered Light","floor":13,"damage_taken":0},{"event_name":"World of Goop","player_choice":"Gather Gold","floor":14,"damage_taken":0}],"boss_relics":[],"potions_floor_spawned":[2,3,5,12],"seed_played":"-3903323397321181327","killed_by":"The Guardian","ascension_level":0,"is_trial":false}