{"path_per_floor":["M","?","M","$","M","E","M","?","T","$","?","M","M","M","R"],"character_chosen":"THE_SILENT","items_purchased":["Flash of Steel"],"gold_per_floor":[109,109,123,25,45,71,85,160,184,109,109,134,155,179,179,179],"floor_reached":16,"campfire_rested":0,"playtime":803,"current_hp_per_floor":[70,70,70,70,70,56,56,45,45,45,45,43,32,32,32,32],"items_purged":["Strike_G"],"gold":179,"score":130,"play_id":"12054c33-89db-4802-9b94-77e3f976a7d9","local_time":"20180419235253","is_prod":false,"is_daily":false,"chose_seed":false,"is_ascension_mode":true,"campfire_upgraded":1,"timestamp":1524207173,"path_taken":["M","?","?","$","M","E","M","?","T","?","?","M","M","M","R","BOSS"],"build_version":"2018-04-19","seed_source_timestamp":302616230281401,"purchased_purges":2,"victory":false,"master_deck":["Defend_G","Defend_G","Defend_G","Defend_G","Defend_G","Strike_G","Strike_G","Strike_G","Strike_G","Survivor","Neutralize+1","Acrobatics","Deflect","Flash of Steel","Well Laid Plans","Well Laid Plans","Backflip","Injury","Prepared"],"max_hp_per_floor":[70,70,70,70,70,70,70,70,70,70,70,70,70,70,70,70],"relics":["Ring of the Snake","Dream Catcher","Ancient Tea Set","Vajra","Golden Idol"],"card_choices":[{"not_picked":["Deflect","Flying Knee"],"picked":"Acrobatics","floor":1},{"not_picked":["Poisoned Stab","Blade Dance"],"picked":"Deflect","floor":3},{"not_picked":["Malaise","Bane"],"picked":"Well Laid Plans","floor":5},{"not_picked":["Dodge and Roll","Heel Hook"],"picked":"Well Laid Plans","floor":6},{"not_picked":["Bouncing Flask","Acrobatics"],"picked":"Backflip","floor":7},{"not_picked":["Bouncing Flask","Flechettes"],"picked":"Prepared","floor":14}],"player_experience":121811,"potions_floor_usage":[13,14],"damage_taken":[{"damage":0,"enemies":"Small Slimes","floor":1,"turns":3},{"damage":0,"enemies":"Cultist","floor":3,"turns":5},{"damage":0,"enemies":"2 Louse","floor":5,"turns":3},{"damage":14,"enemies":"3 Sentries","floor":6,"turns":13},{"damage":0,"enemies":"Blue Slaver","floor":7,"turns":7},{"damage":2,"enemies":"Exordium Thugs","floor":12,"turns":6},{"damage":11,"enemies":"Large Slime","floor":13,"turns":8},{"damage":0,"enemies":"Looter","floor":14,"turns":3},{"damage":0,"enemies":"The Guardian","floor":16,"turns":1}],"event_choices":[{"event_name":"Accursed Blacksmith","player_choice":"Rummage","floor":2,"damage_taken":0},{"event_name":"World of Goop","player_choice":"Gather Gold","floor":8,"damage_taken":0},{"event_name":"Golden Idol","player_choice":"Take Wound","floor":11,"damage_taken":0}],"boss_relics":[],"potions_floor_spawned":[5,7,12],"seed_played":"-2328042051199829786","killed_by":"The Guardian","ascension_level":5,"is_trial":false}