{"path_per_floor":["M","?","M","M","M","R","M","?","T","E","R","T","M","M","R","B",null,"M","?","?","M","M","E","R","E","T","M","M","?","R","M","R","B",null,"M","$","M","M","?","E","M","E","T","E","R","E","R","M","R","B"],"character_chosen":"THE_SILENT","items_purchased":["Bottled Lightning","Dash","Accuracy","Ancient Potion","Block Potion"],"gold_per_floor":[113,113,129,140,159,159,178,178,178,203,203,255,267,283,283,380,380,400,315,315,331,343,377,377,412,412,424,443,476,476,487,487,586,586,598,16,34,45,45,75,95,121,195,224,224,257,257,277,277,277],"floor_reached":51,"campfire_rested":2,"playtime":3744,"current_hp_per_floor":[62,55,53,53,53,53,46,43,43,39,39,39,39,34,34,37,70,65,65,52,52,52,45,45,45,45,37,37,35,35,37,61,58,81,65,65,65,67,59,45,43,46,46,48,74,83,83,87,87,65],"items_purged":["Strike_G"],"gold":277,"score":811,"play_id":"cdaa7eb4-34ac-47e6-83fc-a44a259a7d26","local_time":"20180407172536","is_prod":false,"is_daily":false,"is_ascension_mode":false,"campfire_upgraded":7,"timestamp":1523114736,"path_taken":["M","?","M","M","M","R","M","?","T","E","R","?","M","M","R","BOSS","M","?","?","M","M","E","R","E","T","M","M","?","R","?","R","BOSS","M","$","M","M","?","E","M","E","T","E","R","E","R","M","R","BOSS"],"build_version":"2018-04-04","purchased_purges":1,"victory":true,"master_deck":["Defend_G","Defend_G","Defend_G","Defend_G","Defend_G","Survivor","Neutralize+1","Infinite Blades+1","Calculated Gamble+1","PiercingWail","Noxious Fumes","Accuracy+1","Adrenaline","Cloak And Dagger+1","Bullet Time","Cloak And Dagger+1","Eviscerate+1","Wraith Form","Noxious Fumes","Glass Knife","Accuracy+1","Endless Agony+1","Dagger Throw+1","Eviscerate+1","Dash","Accuracy","Terror+1","Sadistic Nature","Jack Of All Trades+1","Eviscerate","Footwork+1","Footwork+1"],"max_hp_per_floor":[70,70,70,70,70,70,70,70,70,70,70,70,70,70,70,70,70,70,70,75,75,75,75,75,77,77,77,77,79,79,81,81,81,81,81,81,81,83,85,85,85,87,87,89,89,96,96,98,98,98],"relics":["Ring of the Snake","Vajra","Tough Bandages","Thread and Needle","Sundial","Art of War","Snecko Eye","Anchor","Bag of Preparation","Singing Bowl","Ancient Tea Set","Red Mask","Astrolabe","Bottled Lightning","Blood Vial","Molten Egg 2","The Courier","Bag of Marbles","Strawberry"],"card_choices":[{"not_picked":["Deflect","Dagger Throw"],"picked":"Infinite Blades","floor":1.0},{"not_picked":["Sucker Punch","Riddle With Holes"],"picked":"Calculated Gamble","floor":3.0},{"not_picked":["Blur","Eviscerate"],"picked":"PiercingWail","floor":5.0},{"not_picked":["Reflex","Deflect"],"picked":"Noxious Fumes","floor":7.0},{"not_picked":["Deflect","Dodge and Roll"],"picked":"Accuracy","floor":10.0},{"not_picked":["Outmaneuver","PiercingWail"],"picked":"Adrenaline","floor":13.0},{"not_picked":["Bane","Sucker Punch"],"picked":"Cloak And Dagger","floor":14},{"not_picked":["Glass Knife","Tactician"],"picked":"Bullet Time","floor":16},{"not_picked":["Bane","Predator"],"picked":"Cloak And Dagger","floor":18},{"not_picked":["Infinite Blades","Deflect"],"picked":"Eviscerate","floor":22},{"not_picked":["Dodge and Roll","Blade Dance"],"picked":"Wraith Form","floor":27},{"not_picked":["Cloak And Dagger","Footwork"],"picked":"Noxious Fumes","floor":28},{"not_picked":["Tools of the Trade","Burst"],"picked":"Glass Knife","floor":33},{"not_picked":["Outmaneuver","Dagger Spray"],"picked":"Eviscerate","floor":35},{"not_picked":["Dagger Spray","Slice"],"picked":"Terror","floor":37},{"not_picked":["Deep Breath","Trip"],"picked":"Sadistic Nature","floor":39},{"not_picked":["Thinking Ahead","Panacea"],"picked":"Jack Of All Trades","floor":39},{"not_picked":["Backflip","Dash"],"picked":"Eviscerate","floor":40},{"not_picked":["Dagger Throw","Prepared"],"picked":"Footwork","floor":41},{"not_picked":["Bane","Outmaneuver"],"picked":"Footwork","floor":46}],"player_experience":61005,"potions_floor_usage":[16,16,25,29,33,33,33,35,40,40,50,50,50],"damage_taken":[{"damage":8.0,"enemies":"2 Louse","floor":1.0,"turns":3.0},{"damage":2.0,"enemies":"Small Slimes","floor":3.0,"turns":3.0},{"damage":0.0,"enemies":"Jaw Worm","floor":4.0,"turns":4.0},{"damage":0.0,"enemies":"Blue Slaver","floor":5.0,"turns":4.0},{"damage":7.0,"enemies":"2 Fungi Beasts","floor":7.0,"turns":4.0},{"damage":4.0,"enemies":"Gremlin Nob","floor":10.0,"turns":4.0},{"damage":0.0,"enemies":"Looter","floor":13.0,"turns":4.0},{"damage":5,"enemies":"Large Slime","floor":14,"turns":6},{"damage":12,"enemies":"The Guardian","floor":16,"turns":10},{"damage":5,"enemies":"Shell Parasite","floor":18,"turns":6},{"damage":0,"enemies":"Chosen","floor":21,"turns":4},{"damage":0,"enemies":"Snake Plant","floor":22,"turns":6},{"damage":7,"enemies":"Book of Stabbing","floor":23,"turns":5},{"damage":2,"enemies":"Slavers","floor":25,"turns":6},{"damage":8,"enemies":"Slaver and Parasite","floor":27,"turns":5},{"damage":0,"enemies":"Sentry and Sphere","floor":28,"turns":3},{"damage":4,"enemies":"Masked Bandits","floor":29,"turns":3},{"damage":0,"enemies":"Snake Plant","floor":31,"turns":4},{"damage":15,"enemies":"Collector","floor":33,"turns":6},{"damage":16,"enemies":"Flame Bruiser 1 Orb","floor":35,"turns":3},{"damage":0,"enemies":"Orb Walker","floor":37,"turns":3},{"damage":0,"enemies":"Maw","floor":38,"turns":5},{"damage":14,"enemies":"2 Orb Walkers","floor":40,"turns":4},{"damage":4,"enemies":"4 Shapes","floor":41,"turns":2},{"damage":1,"enemies":"Nemesis","floor":42,"turns":5},{"damage":2,"enemies":"Giant Head","floor":44,"turns":5},{"damage":0,"enemies":"2 Orb Walkers","floor":46,"turns":3},{"damage":0,"enemies":"Flame Bruiser 2 Orb","floor":48,"turns":4},{"damage":39,"enemies":"Donu and Deca","floor":50,"turns":8}],"event_choices":[{"event_name":"Golden Wing","player_choice":"Card Removal","floor":2.0,"damage_taken":0.0},{"event_name":"Scrap Ooze","player_choice":"success","floor":8.0,"damage_taken":3.0},{"event_name":"Addict","player_choice":"Obtained Relic","floor":19,"damage_taken":0},{"event_name":"Forgotten Altar","player_choice":"Shed Blood","floor":20,"damage_taken":0},{"event_name":"SensoryStone","player_choice":"Memory 3","floor":39,"damage_taken":0}],"boss_relics":[{"not_picked":["Ectoplasm","Lizard Tail"],"picked":"Snecko Eye"},{"not_picked":["White Beast Statue","Runic Pyramid"],"picked":"Astrolabe"}],"potions_floor_spawned":[4,5,10,13,16,22,27,28,31,33,35,41,44,46],"seed_played":"-6687237348183514391","ascension_level":0,"is_trial":false}