{"path_per_floor":["M","M","M","?","M","E","R","?","T","E","R","$","M","$","R","B",null,"M","M","M","$","T","R","$","E","T","M","M","M","M","?","R","B",null,"M","M","T","T","M","R","M","M","T","?","R","$","M","M","R"],"character_chosen":"THE_SILENT","items_purchased":["Noxious Fumes","Poisoned Stab","Anchor","Bouncing Flask","Mercury Hourglass","Bottled Tornado","Gremlin Horn"],"gold_per_floor":[212,230,249,249,261,324,324,324,624,659,659,555,569,336,336,434,434,451,466,482,227,227,227,227,261,339,351,370,384,396,396,396,493,493,507,523,547,547,561,561,571,582,582,582,582,19,33,50,50],"floor_reached":50,"campfire_rested":6,"playtime":8670,"current_hp_per_floor":[70,70,70,67,68,51,51,51,51,33,54,54,51,51,51,34,70,47,45,30,30,30,51,51,36,36,32,17,17,17,17,38,9,70,58,50,50,50,37,58,14,3,3,20,41,41,43,32,53],"items_purged":["Writhe"],"gold":50,"play_id":"566a3064-5385-424d-8337-cabfafd1007b","is_prod":false,"is_daily":false,"campfire_rituals":0,"campfire_upgraded":2,"is_hardmode":false,"path_taken":["M","?","M","?","M","E","R","?","T","E","R","$","M","$","R","BOSS","M","M","M","$","?","R","$","E","T","M","?","M","M","?","R","BOSS","M","M","?","?","?","R","M","M","T","?","R","$","?","M","R","BOSS"],"build_version":"2018-01-18-PROD4","purchased_purges":2,"victory":false,"master_deck":["Defend_G","Defend_G","Defend_G","Defend_G","Defend_G","Strike_G","Strike_G","Strike_G","Strike_G","Strike_G","Survivor","Neutralize","Poisoned Stab","Infinite Blades","Outmaneuver","Flying Knee","Catalyst","PiercingWail","Noxious Fumes","Poisoned Stab","Poisoned Stab","Bouncing Flask","Adrenaline","Well Laid Plans","Catalyst","Outmaneuver","Burst","Cloak And Dagger","Backflip","Crippling Poison","PiercingWail"],"max_hp_per_floor":[70,70,70,70,70,70,70,70,70,70,70,70,70,70,70,70,70,70,70,70,70,70,70,70,70,70,70,70,70,70,70,70,70,70,70,70,70,70,70,70,70,70,70,70,70,70,70,70,70],"relics":["Ring of the Snake","Blood Vial","Tiny Chest","Old Coin","Bronze Scales","Anchor","Black Star","Mercury Hourglass","Mummified Hand","Ninja Scroll","Pantograph","Shuriken","The Specimen","Whetstone","Unceasing Top","Frozen Eye","Bottled Tornado","Gremlin Horn"],"campfire_meditates":0,"card_choices":[{"not_picked":["Backstab","Backflip"],"picked":"Poisoned Stab"},{"not_picked":["Backflip","Deflect"],"picked":"Infinite Blades"},{"not_picked":["Poisoned Stab","Deflect"],"picked":"Outmaneuver"},{"not_picked":["After Image","Bane"],"picked":"Flying Knee"},{"not_picked":["Flying Knee","Riddle With Holes"],"picked":"Catalyst"},{"not_picked":["Calculated Gamble","Storm of Steel"],"picked":"PiercingWail"},{"not_picked":["Acrobatics","Flying Knee"],"picked":"Poisoned Stab"},{"not_picked":["Venomology","Doppelganger"],"picked":"Adrenaline"},{"not_picked":["Deadly Poison","Acrobatics"],"picked":"Well Laid Plans"},{"not_picked":["Dodge and Roll","Predator"],"picked":"Catalyst"},{"not_picked":["Acrobatics","Sucker Punch"],"picked":"Outmaneuver"},{"not_picked":["Glass Knife","Bullet Time"],"picked":"Burst"},{"not_picked":["Caltrops","Deadly Poison"],"picked":"Cloak And Dagger"},{"not_picked":["Reflex","Die Die Die"],"picked":"Backflip"},{"not_picked":["Dodge and Roll","Malaise"],"picked":"Crippling Poison"},{"not_picked":["Flying Knee","Bouncing Flask"],"picked":"PiercingWail"}],"player_experience":100628,"potions_floor_usage":[],"damage_taken":[{"damage":0.0,"enemies":"Blue Slaver","floor":1.0,"turns":7.0},{"damage":0.0,"enemies":"Jaw Worm","floor":2.0,"turns":6.0},{"damage":0.0,"enemies":"2 Louse","floor":3.0,"turns":3.0},{"damage":1.0,"enemies":"2 Fungi Beasts","floor":5.0,"turns":4.0},{"damage":19.0,"enemies":"Gremlin Nob","floor":6.0,"turns":4.0},{"damage":20.0,"enemies":"Lagavulin","floor":10.0,"turns":8.0},{"damage":5.0,"enemies":"Looter","floor":13.0,"turns":4.0},{"damage":19.0,"enemies":"Slime Boss","floor":16.0,"turns":9.0},{"damage":23.0,"enemies":"Spheric Guardian","floor":18.0,"turns":5.0},{"damage":4.0,"enemies":"3 Byrds","floor":19.0,"turns":2.0},{"damage":17.0,"enemies":"Snecko","floor":20.0,"turns":5.0},{"damage":17.0,"enemies":"Slavers","floor":25.0,"turns":4.0},{"damage":6.0,"enemies":"Snake Plant","floor":27.0,"turns":3.0},{"damage":17.0,"enemies":"Centurion and Healer","floor":28.0,"turns":4.0},{"damage":2.0,"enemies":"Sentry and Sphere","floor":29.0,"turns":3.0},{"damage":2.0,"enemies":"Snecko","floor":30.0,"turns":3.0},{"damage":56.0,"enemies":"Collector","floor":33.0,"turns":5.0},{"damage":12.0,"enemies":"3 Shapes","floor":35.0,"turns":4.0},{"damage":10.0,"enemies":"Orb Walker","floor":36.0,"turns":4.0},{"damage":15.0,"enemies":"3 Darklings","floor":39.0,"turns":4.0},{"damage":46.0,"enemies":"Sphere and 2 Shapes","floor":41.0,"turns":5.0},{"damage":13.0,"enemies":"Maw","floor":42.0,"turns":5.0},{"damage":0.0,"enemies":"4 Shapes","floor":47.0,"turns":3.0},{"damage":13.0,"enemies":"3 Darklings","floor":48.0,"turns":4.0},{"damage":75,"enemies":"Time Eater","floor":50,"turns":7}],"event_choices":[{"event_name":"Scrap Ooze","player_choice":"success","floor":4.0,"damage_taken":3.0},{"event_name":"Living Wall","player_choice":"Grow","floor":8.0,"damage_taken":0.0},{"event_name":"Beggar","player_choice":"Ignored","floor":31.0,"damage_taken":0.0},{"event_name":"Winding Halls","player_choice":"Writhe","floor":44.0,"damage_taken":0.0}],"boss_relics":[],"potions_floor_spawned":[1,6,10,13,19,20,25,29,30,35,36,41],"seed_played":"-8620696515823436613","killed_by":"Time Eater","is_trial":false}