{"path_per_floor":["M","?","M","M","?","E","$","M","T","M","R","?","R","M","R","B",null,"M","?","M","M","?","R","E","R","T","M","M","?","$","?","R","B",null,"M","?","?","M","M","R","$","?","T","$","M","M","M","M","R"],"character_chosen":"THE_SILENT","items_purchased":["Noxious Fumes","War Paint","Footwork","Anchor","Catalyst"],"gold_per_floor":[110,110,127,137,137,167,92,108,108,120,120,148,148,165,165,269,299,316,316,332,350,350,350,382,382,382,399,409,409,110,110,110,210,210,230,230,230,248,265,265,19,0,53,14,26,41,58,70,70],"floor_reached":50,"campfire_rested":7,"playtime":3777,"current_hp_per_floor":[70,70,70,70,56,35,35,34,34,34,55,55,55,40,61,59,75,70,70,62,48,48,70,27,49,49,38,27,27,27,27,50,45,79,71,71,71,56,41,65,65,65,65,65,55,38,35,26,52],"items_purged":["Injury","Strike_G"],"gold":70,"play_id":"21f98e4f-4a65-4b6c-b54b-b47f7ce512c2","is_prod":false,"is_daily":false,"is_ascension_mode":true,"campfire_upgraded":1,"path_taken":["M","?","M","M","?","E","$","?","T","M","R","?","R","M","R","BOSS","M","?","M","M","?","R","E","R","T","M","?","?","?","?","R","BOSS","M","?","?","?","?","R","$","?","T","$","M","M","M","M","R","BOSS"],"build_version":"2018-02-01-PROD3","purchased_purges":3,"victory":false,"master_deck":["Defend_G","Defend_G","Defend_G","Defend_G","Defend_G+1","Strike_G","Strike_G+1","Strike_G","Survivor","Neutralize","Deadly Poison+1","Bouncing Flask","Poisoned Stab","Noxious Fumes+1","Footwork","Bouncing Flask+1","Well Laid Plans+1","Escape Plan+1","Footwork","Backstab+1","Catalyst","Doubt","Catalyst","Noxious Fumes"],"max_hp_per_floor":[70,70,70,70,70,70,70,70,70,70,70,70,70,70,70,70,75,75,75,75,75,75,75,75,75,75,77,77,77,77,77,77,79,79,79,79,79,81,81,81,81,81,81,81,83,85,87,87,87],"relics":["Cursed Key","Snake Skull","Gambling Chip","Odd Mushroom","Tiny House","Matryoshka","Singing Bowl","Paper Crane","War Paint","Velvet Choker","Anchor","Red Mask","Darkstone Periapt","Tiny Chest"],"card_choices":[{"not_picked":["Flying Knee","Deflect"],"picked":"Deadly Poison"},{"not_picked":["Concentrate","Crippling Poison"],"picked":"Bouncing Flask"},{"not_picked":["Masterful Stab","Adrenaline"],"picked":"Poisoned Stab"},{"not_picked":["Backflip","Crippling Poison"],"picked":"Footwork"},{"not_picked":["Sucker Punch","Infinite Blades"],"picked":"Bouncing Flask"},{"not_picked":["Cloak And Dagger","Deflect"],"picked":"Well Laid Plans"},{"not_picked":["Leg Sweep","Backflip"],"picked":"Escape Plan"},{"not_picked":["Heel Hook","Backflip"],"picked":"Backstab"},{"not_picked":["Underhanded Strike","Cloak And Dagger"],"picked":"Catalyst"},{"not_picked":["Eviscerate","Deadly Poison"],"picked":"Noxious Fumes"}],"player_experience":290409,"potions_floor_usage":[50,50,50],"damage_taken":[{"damage":0.0,"enemies":"Jaw Worm","floor":1.0,"turns":4.0},{"damage":0.0,"enemies":"2 Louse","floor":3.0,"turns":3.0},{"damage":0.0,"enemies":"Cultist","floor":4.0,"turns":3.0},{"damage":21.0,"enemies":"3 Sentries","floor":6.0,"turns":9.0},{"damage":1.0,"enemies":"Looter","floor":8.0,"turns":3.0},{"damage":0.0,"enemies":"Exordium Wildlife","floor":10.0,"turns":2.0},{"damage":0.0,"enemies":"The Mushroom Lair","floor":12.0,"turns":4.0},{"damage":15.0,"enemies":"Gremlin Gang","floor":14.0,"turns":3.0},{"damage":17.0,"enemies":"The Guardian","floor":16.0,"turns":8.0},{"damage":5.0,"enemies":"Shell Parasite","floor":18.0,"turns":5.0},{"damage":8.0,"enemies":"3 Byrds","floor":20.0,"turns":4.0},{"damage":14.0,"enemies":"Snake Plant","floor":21.0,"turns":3.0},{"damage":43.0,"enemies":"Gremlin Leader","floor":24.0,"turns":8.0},{"damage":13.0,"enemies":"Sentry and Sphere","floor":27.0,"turns":3.0},{"damage":11.0,"enemies":"3 Cultists","floor":28.0,"turns":4.0},{"damage":7.0,"enemies":"Automaton","floor":33.0,"turns":10.0},{"damage":8.0,"enemies":"3 Darklings","floor":35.0,"turns":5.0},{"damage":17.0,"enemies":"Orb Walker","floor":38.0,"turns":4.0},{"damage":15.0,"enemies":"3 Darklings","floor":39.0,"turns":4.0},{"damage":12.0,"enemies":"4 Shapes","floor":45.0,"turns":5.0},{"damage":19.0,"enemies":"Sphere and 2 Shapes","floor":46.0,"turns":5.0},{"damage":5.0,"enemies":"Maw","floor":47.0,"turns":6.0},{"damage":9.0,"enemies":"3 Darklings","floor":48.0,"turns":6.0},{"damage":55,"enemies":"Donu and Deca","floor":50,"turns":4}],"event_choices":[{"event_name":"Living Wall","player_choice":"Forget","floor":2.0,"damage_taken":0.0},{"event_name":"Shining Light","player_choice":"Entered Light","floor":5.0,"damage_taken":0.0},{"event_name":"Mushrooms","player_choice":"Fought Mushrooms","floor":12.0,"damage_taken":0.0},{"event_name":"Drug Dealer","player_choice":"Ignored","floor":19.0,"damage_taken":0.0},{"event_name":"Vampires","player_choice":"Ignored","floor":22.0,"damage_taken":0.0},{"event_name":"Back to Basics","player_choice":"Elegance","floor":29.0,"damage_taken":0.0},{"event_name":"Cursed Tome","player_choice":"Ignored","floor":31.0,"damage_taken":0.0},{"event_name":"Mysterious Sphere","player_choice":"Ignore","floor":36.0,"damage_taken":0.0},{"event_name":"The Woman in Blue","player_choice":"Bought 0 Potions","floor":37.0,"damage_taken":0.0},{"event_name":"Tomb of Lord Red Mask","player_choice":"Paid","floor":42.0,"damage_taken":0.0}],"boss_relics":[],"potions_floor_spawned":[6,8,12,14,16,24,27,33,38,45,47,48],"seed_played":"-1421536755017915021","killed_by":"Donu and Deca","ascension_level":4,"is_trial":false}