{"path_per_floor":["M","?","?","M","M","R","M","E","T","E","?","?","M","?","R","B",null,"M","M","$","?","M","E","R","M","T","?","R","E","$","M","R","B",null,"M","M","M","T","$","R","T","R","T","R","M","R","?","?","R","B"],"character_chosen":"THE_SILENT","items_purchased":["Poisoned Stab","Prayer Wheel","Mercury Hourglass","Noxious Fumes","Oddly Smooth Stone"],"gold_per_floor":[112,112,112,122,139,139,159,193,193,224,224,224,245,245,245,364,364,387,411,126,126,141,204,204,217,217,217,217,261,16,30,30,156,156,179,195,211,261,39,39,66,66,93,93,107,107,107,0,0,0],"floor_reached":51,"campfire_rested":5,"playtime":3968,"current_hp_per_floor":[70,63,49,49,49,70,67,43,43,25,25,25,23,23,44,39,70,69,48,48,48,41,10,31,27,27,27,63,31,31,31,67,15,70,60,50,62,62,62,62,62,62,69,69,64,64,77,77,87,60],"items_purged":["Strike_G"],"gold":0,"play_id":"4b89acae-36f5-45fa-b3b0-23441bbf6b6d","is_prod":false,"is_daily":false,"is_ascension_mode":true,"campfire_upgraded":1,"path_taken":["M","?","?","M","M","R","M","E","T","E","?","?","?","?","R","BOSS","M","M","$","?","M","E","R","M","T","?","R","E","?","M","R","BOSS","M","M","M","?","$","R","?","R","T","R","M","R","?","?","R","BOSS"],"build_version":"2018-01-25-PROD3","purchased_purges":1,"victory":true,"master_deck":["Defend_G","Defend_G","Defend_G","Defend_G","Defend_G","Strike_G","Strike_G+1","Strike_G","Survivor","Neutralize+1","Footwork+1","Deadly Poison+1","Well Laid Plans","Deadly Poison+1","Poisoned Stab","Backflip+1","Footwork","Noxious Fumes+1","Prepared+1","PiercingWail+1","Writhe"],"max_hp_per_floor":[70,70,70,70,70,70,70,70,70,70,70,70,70,70,70,70,70,70,70,70,70,70,70,70,70,70,70,70,70,70,70,70,70,70,70,70,70,70,70,70,70,70,77,77,77,77,77,77,87,87],"relics":["Ring of the Snake","Omamori","Frozen Egg","Bronze Scales","Orichalcum","Golden Idol","The Specimen","Prayer Wheel","Tiny Chest","Shovel","Regal Pillow","Bottled Lightning","Mercury Hourglass","Black Star","Pen Nib","Oddly Smooth Stone","Lantern","Juzu Bracelet","Strawberry","Smiling Mask","Shuriken","Red Mask","Pear"],"card_choices":[{"not_picked":["Backflip","Prepared"],"picked":"Footwork"},{"not_picked":["Sucker Punch","Burst"],"picked":"Deadly Poison"},{"not_picked":["Bane","Endless Agony"],"picked":"Well Laid Plans"},{"not_picked":["Dagger Spray","Dodge and Roll"],"picked":"Deadly Poison"},{"not_picked":["Predator","Dagger Spray"],"picked":"Backflip"},{"not_picked":["Acrobatics","Outmaneuver"],"picked":"Footwork"},{"not_picked":["Blade Dance","Deflect"],"picked":"Prepared"},{"not_picked":["Caltrops","Choke"],"picked":"PiercingWail"}],"player_experience":256531,"potions_floor_usage":[37],"damage_taken":[{"damage":0.0,"enemies":"Small Slimes","floor":1.0,"turns":5.0},{"damage":0.0,"enemies":"Cultist","floor":4.0,"turns":4.0},{"damage":0.0,"enemies":"Blue Slaver","floor":5.0,"turns":5.0},{"damage":3.0,"enemies":"Looter","floor":7.0,"turns":5.0},{"damage":24.0,"enemies":"Gremlin Nob","floor":8.0,"turns":5.0},{"damage":18.0,"enemies":"Lagavulin","floor":10.0,"turns":7.0},{"damage":2.0,"enemies":"3 Louse","floor":13.0,"turns":3.0},{"damage":5.0,"enemies":"Hexaghost","floor":16.0,"turns":10.0},{"damage":1.0,"enemies":"Shell Parasite","floor":18.0,"turns":8.0},{"damage":21.0,"enemies":"Chosen","floor":19.0,"turns":8.0},{"damage":22.0,"enemies":"Slaver and Parasite","floor":22.0,"turns":6.0},{"damage":31.0,"enemies":"Gremlin Leader","floor":23.0,"turns":9.0},{"damage":19.0,"enemies":"Snecko","floor":25.0,"turns":8.0},{"damage":32.0,"enemies":"Slavers","floor":29.0,"turns":6.0},{"damage":0.0,"enemies":"Chosen and Byrds","floor":31.0,"turns":5.0},{"damage":52.0,"enemies":"Champ","floor":33.0,"turns":16.0},{"damage":10,"enemies":"3 Shapes","floor":35,"turns":6},{"damage":10,"enemies":"Orb Walker","floor":36,"turns":4},{"damage":3,"enemies":"3 Darklings","floor":37,"turns":7},{"damage":5,"enemies":"Sphere and 2 Shapes","floor":45,"turns":5},{"damage":27,"enemies":"Time Eater","floor":50,"turns":16}],"event_choices":[{"event_name":"Scrap Ooze","player_choice":"success","floor":2.0,"damage_taken":7.0},{"event_name":"Shining Light","player_choice":"Entered Light","floor":3.0,"damage_taken":0.0},{"event_name":"Wheel of Change","player_choice":"Curse","floor":11.0,"damage_taken":0.0},{"event_name":"Golden Idol","player_choice":"Take Wound","floor":12.0,"damage_taken":0.0},{"event_name":"Upgrade Shrine","player_choice":"Upgraded","floor":14.0,"damage_taken":0.0},{"event_name":"Vampires","player_choice":"Ignored","floor":21.0,"damage_taken":0.0},{"event_name":"Wheel of Change","player_choice":"Relic","floor":27.0,"damage_taken":0.0},{"event_name":"Winding Halls","player_choice":"Writhe","floor":47,"damage_taken":0},{"event_name":"Tomb of Lord Red Mask","player_choice":"Paid","floor":48,"damage_taken":0}],"boss_relics":[{"not_picked":["Calling Bell","White Beast Statue"],"picked":"Black Star"}],"potions_floor_spawned":[1,10,13,16,18,23,31,35,36],"seed_played":"8422057835259692559","ascension_level":1,"is_trial":false}