{"path_per_floor":["M","M","M","?","$","E","R","$","T","M","$","M","E","M","R","B",null,"M","?","?","?","$","R","$","R","T","M","$","?","T","?","R","B",null,"M","M","M","?","$","R","E","M","T","$","?","T","$","$","R"],"character_chosen":"THE_SILENT","items_purchased":["Prepared","Shuriken","Infinite Blades","Choke","Lantern","Blade Dance"],"gold_per_floor":[112,132,145,145,70,103,103,51,51,64,64,78,111,125,125,226,226,244,244,244,244,4,4,4,4,58,72,2,2,25,25,25,129,129,149,169,185,185,185,185,212,226,226,36,36,87,47,47,47],"floor_reached":50,"campfire_rested":6,"playtime":3001,"current_hp_per_floor":[70,70,70,70,70,42,63,63,63,63,63,37,30,30,51,18,70,63,63,63,47,47,68,68,68,68,58,58,49,49,49,71,22,75,68,54,30,30,30,52,15,5,5,5,5,5,5,5,27],"items_purged":["Regret"],"gold":47,"play_id":"019cdf20-2ce1-4768-b372-241c8557a8ef","is_prod":false,"is_daily":false,"is_ascension_mode":true,"campfire_upgraded":1,"path_taken":["M","M","?","?","$","E","R","?","T","M","$","?","E","?","R","BOSS","M","?","?","?","$","R","$","R","T","M","$","?","?","?","R","BOSS","M","?","?","?","?","R","E","M","T","$","?","?","?","$","R","BOSS"],"build_version":"2018-01-25-PROD3","purchased_purges":3,"victory":false,"master_deck":["Defend_G","Defend_G","Defend_G","Defend_G","Defend_G","Strike_G","Strike_G","Strike_G","Strike_G","Survivor","Neutralize","Cloak And Dagger","Choke","Endless Agony","Prepared","Reflex","Prepared","Bullet Time","A Thousand Cuts","Infinite Blades+1","Infinite Blades","Escape Plan+1","Cloak And Dagger","Noxious Fumes+1","Well Laid Plans","Choke","Escape Plan+1","Blade Dance"],"max_hp_per_floor":[70,70,70,70,70,70,70,70,70,70,70,70,70,70,70,70,70,70,70,70,70,70,70,70,70,70,70,70,75,75,75,75,75,75,75,75,75,75,75,75,75,75,75,75,75,75,75,75,75],"relics":["Ring of the Snake","NeowsBlessing","Prayer Wheel","Bag of Marbles","Ginger","Ninja Scroll","Lizard Tail","Enchiridion","Shuriken","Bag of Preparation","Anchor","Bottled Lightning","Snake Skull","Lantern","Art of War"],"card_choices":[{"not_picked":["Deadly Poison","Footwork"],"picked":"Cloak And Dagger"},{"not_picked":["Sucker Punch","Outmaneuver"],"picked":"Choke"},{"not_picked":["Cloak And Dagger","Setup"],"picked":"Endless Agony"},{"not_picked":["Skewer","Outmaneuver"],"picked":"Reflex"},{"not_picked":["Bouncing Flask","Underhanded Strike"],"picked":"Prepared"},{"not_picked":["Backflip","Flying Knee"],"picked":"Bullet Time"},{"not_picked":["Die Die Die","Night Terror"],"picked":"A Thousand Cuts"},{"not_picked":["Deflect","PiercingWail"],"picked":"Escape Plan"},{"not_picked":["Poisoned Stab","Terror"],"picked":"Cloak And Dagger"},{"not_picked":["Flying Knee","Dagger Spray"],"picked":"Noxious Fumes"},{"not_picked":["Backstab","Outmaneuver"],"picked":"Well Laid Plans"},{"not_picked":["Bouncing Flask","PiercingWail"],"picked":"Escape Plan"}],"player_experience":248185,"potions_floor_usage":[50],"damage_taken":[{"damage":0.0,"enemies":"Blue Slaver","floor":1.0,"turns":1.0},{"damage":0.0,"enemies":"Small Slimes","floor":2.0,"turns":1.0},{"damage":0.0,"enemies":"2 Louse","floor":3.0,"turns":1.0},{"damage":28.0,"enemies":"3 Sentries","floor":6.0,"turns":11.0},{"damage":0.0,"enemies":"2 Fungi Beasts","floor":10.0,"turns":2.0},{"damage":26.0,"enemies":"Exordium Thugs","floor":12.0,"turns":5.0},{"damage":7.0,"enemies":"Gremlin Nob","floor":13.0,"turns":3.0},{"damage":0.0,"enemies":"Gremlin Gang","floor":14.0,"turns":3.0},{"damage":33.0,"enemies":"Slime Boss","floor":16.0,"turns":8.0},{"damage":7.0,"enemies":"Chosen","floor":18.0,"turns":4.0},{"damage":10.0,"enemies":"3 Byrds","floor":27.0,"turns":4.0},{"damage":49.0,"enemies":"Collector","floor":33.0,"turns":6.0},{"damage":7.0,"enemies":"Orb Walker","floor":35.0,"turns":3.0},{"damage":14.0,"enemies":"3 Shapes","floor":36.0,"turns":4.0},{"damage":24.0,"enemies":"Sphere and 2 Shapes","floor":37.0,"turns":6.0},{"damage":52.0,"enemies":"Nemesis","floor":41.0,"turns":7.0},{"damage":10.0,"enemies":"4 Shapes","floor":42.0,"turns":9.0},{"damage":80,"enemies":"Awakened One","floor":50,"turns":7}],"event_choices":[{"event_name":"Big Fish","player_choice":"Box","floor":4.0,"damage_taken":0.0},{"event_name":"The Library","player_choice":"Read","floor":19.0,"damage_taken":0.0},{"event_name":"The Lab","player_choice":"Got Potions","floor":20.0,"damage_taken":0.0},{"event_name":"Cursed Tome","player_choice":"Obtained Book","floor":21.0,"damage_taken":0.0},{"event_name":"Forgotten Altar","player_choice":"Shed Blood","floor":29.0,"damage_taken":0.0},{"event_name":"Addict","player_choice":"Ignored","floor":31.0,"damage_taken":0.0},{"event_name":"Mysterious Sphere","player_choice":"Ignore","floor":38.0,"damage_taken":0.0}],"boss_relics":[],"potions_floor_spawned":[6,10,13,18,33,35,36,41],"seed_played":"-5898177232973204888","killed_by":"Awakened One","ascension_level":1,"is_trial":false}