{"path_per_floor":["M","$","?","?","M","R","E","M","T","R","?","?","$","M","R","B",null,"M","M","?","$","M","E","T","R","T","E","R","?","R","M","R","B",null,"M","?","?","$","M","R","$","R","T","R","$","M","M","$","R","B"],"character_chosen":"THE_SILENT","items_purchased":["Apotheosis","Adrenaline","Blur","Footwork","Vajra","Noxious Fumes","Prepared"],"gold_per_floor":[363,45,120,120,139,139,172,184,210,210,210,210,58,77,77,175,175,165,185,185,37,48,81,81,81,107,141,141,66,66,81,81,184,184,204,204,204,88,107,107,62,62,62,62,62,81,98,98,98,98],"floor_reached":51,"campfire_rested":7,"playtime":2755,"current_hp_per_floor":[34,34,23,23,23,44,31,31,31,52,52,52,52,53,53,15,56,47,49,70,70,52,33,33,54,54,21,42,42,63,65,65,41,63,47,47,47,47,44,44,44,44,44,65,65,62,53,53,70,70],"items_purged":["Eviscerate"],"gold":98,"score":718,"play_id":"e40a9821-a454-499b-af8c-2e70cf2397fa","is_prod":false,"is_daily":false,"is_ascension_mode":true,"campfire_upgraded":4,"path_taken":["M","$","?","?","?","R","E","M","T","R","?","?","$","M","R","BOSS","M","M","?","$","?","E","?","R","T","E","R","?","R","M","R","BOSS","M","?","?","$","M","R","?","R","T","R","?","M","?","$","R","BOSS"],"build_version":"2018-02-15-PROD1","purchased_purges":1,"victory":true,"master_deck":["Survivor","Neutralize","Apotheosis+1","Adrenaline","After Image","Underhanded Strike","Adrenaline","Blur","Footwork+1","Tools of the Trade","Sucker Punch","Blade Dance","Dodge and Roll","Footwork+1","Deflect","Expertise","Endless Agony","Underhanded Strike","Noxious Fumes+1","Blade Dance+1","Wraith Form+1","Prepared+1","Noxious Fumes","Prepared","Underhanded Strike+1"],"max_hp_per_floor":[70,70,70,70,70,70,70,70,70,70,70,70,70,70,70,70,70,70,70,70,70,70,70,70,70,70,70,70,70,70,70,70,70,70,70,70,70,70,70,70,70,70,70,70,70,70,70,70,70,70],"relics":["Ring of the Snake","Lantern","Blood Vial","Pandora\u0027s Box","Vajra","Pantograph","Ancient Tea Set","Bag of Marbles","Molten Egg 2","Lizard Tail","Art of War","Calipers"],"card_choices":[{"not_picked":["Quick Slash","Bane"],"picked":"After Image"},{"not_picked":["Dagger Spray","Concentrate"],"picked":"Underhanded Strike"},{"not_picked":["Doppelganger","After Image"],"picked":"Tools of the Trade"},{"not_picked":["Poisoned Stab","PiercingWail"],"picked":"Underhanded Strike"},{"not_picked":["Backflip","Footwork"],"picked":"Noxious Fumes"},{"not_picked":["Cloak And Dagger","Outmaneuver"],"picked":"Blade Dance"},{"not_picked":["Venomology","Burst"],"picked":"Wraith Form"},{"not_picked":["Calculated Gamble","Crippling Poison"],"picked":"Prepared"},{"not_picked":["Slice","Quick Slash"],"picked":"Underhanded Strike"}],"player_experience":444286,"potions_floor_usage":[50,50,50],"damage_taken":[{"damage":1.0,"enemies":"2 Louse","floor":1.0,"turns":3.0},{"damage":0.0,"enemies":"Cultist","floor":5.0,"turns":3.0},{"damage":13.0,"enemies":"Lagavulin","floor":7.0,"turns":10.0},{"damage":0.0,"enemies":"Small Slimes","floor":8.0,"turns":3.0},{"damage":1.0,"enemies":"2 Fungi Beasts","floor":14.0,"turns":4.0},{"damage":40.0,"enemies":"Hexaghost","floor":16.0,"turns":17.0},{"damage":11.0,"enemies":"2 Thieves","floor":18.0,"turns":4.0},{"damage":0.0,"enemies":"Chosen","floor":19.0,"turns":9.0},{"damage":18.0,"enemies":"Centurion and Healer","floor":22.0,"turns":6.0},{"damage":21.0,"enemies":"Slavers","floor":23.0,"turns":5.0},{"damage":35.0,"enemies":"Gremlin Leader","floor":27.0,"turns":7.0},{"damage":0.0,"enemies":"3 Cultists","floor":31.0,"turns":3.0},{"damage":29.0,"enemies":"Champ","floor":33.0,"turns":14.0},{"damage":18.0,"enemies":"Orb Walker","floor":35.0,"turns":6.0},{"damage":5,"enemies":"3 Darklings","floor":39,"turns":5},{"damage":5,"enemies":"Sphere and 2 Shapes","floor":46,"turns":4},{"damage":11,"enemies":"Maw","floor":47,"turns":5},{"damage":0,"enemies":"Donu and Deca","floor":50,"turns":7}],"event_choices":[{"event_name":"World of Goop","player_choice":"Gather Gold","floor":3.0,"damage_taken":0.0},{"event_name":"The Lab","player_choice":"Got Potions","floor":4.0,"damage_taken":0.0},{"event_name":"Match and Keep!","player_choice":"1 cards matched","floor":11.0,"damage_taken":0.0},{"event_name":"Bonfire Elementals","player_choice":"BASIC","floor":12.0,"damage_taken":0.0},{"event_name":"The Library","player_choice":"Heal","floor":20.0,"damage_taken":0.0},{"event_name":"Beggar","player_choice":"Gave Gold","floor":29.0,"damage_taken":0.0},{"event_name":"Accursed Blacksmith","player_choice":"Rummage","floor":36,"damage_taken":0},{"event_name":"Tomb of Lord Red Mask","player_choice":"Ignored","floor":37,"damage_taken":0}],"boss_relics":[],"potions_floor_spawned":[7,14,16,18,22,27,39],"seed_played":"634922302900282786","ascension_level":5,"is_trial":false}