{"path_per_floor":["M","?","?","M","M","R","E","$","T","T","E","R","M","M","R","B",null,"M","?","?","?","M","R","M","R","T","R","M","$","?","?","R","B",null,"M","?","?","M","$","R","M","M","T","M"],"character_chosen":"THE_SILENT","items_purchased":["Noxious Fumes","Panache","Cloak And Dagger","Accuracy","Singing Bowl","Panache","Vajra"],"gold_per_floor":[119,194,194,213,231,231,266,33,33,33,67,67,85,109,109,233,233,249,519,519,519,533,533,553,553,580,580,605,244,244,244,244,375,413,438,438,438,452,2,2,18,34,34,47],"floor_reached":45,"campfire_rested":4,"playtime":2191,"current_hp_per_floor":[61,50,35,31,31,49,33,33,33,47,33,56,54,54,54,34,77,77,45,45,45,35,58,52,75,75,75,63,63,63,63,63,40,86,74,74,74,74,74,74,36,34,34,29],"items_purged":["Strike_G","Strike_G"],"gold":47,"score":524,"play_id":"f24eddec-f08f-4a81-8e9e-d9ee37afd357","is_prod":false,"is_daily":false,"is_ascension_mode":true,"campfire_upgraded":2,"path_taken":["M","?","?","M","M","R","E","$","T","?","E","R","M","M","R","BOSS","M","?","?","?","M","R","?","R","T","R","M","$","?","?","R","BOSS","M","?","?","M","$","R","M","M","T","?","M"],"build_version":"2018-02-08-PROD1","purchased_purges":2,"victory":false,"master_deck":["Defend_G+1","Defend_G","Defend_G","Defend_G","Defend_G+1","Strike_G","Survivor","Neutralize","Adrenaline+1","Choke","Noxious Fumes+1","Panache","Escape Plan","Die Die Die","Terror","Cloak And Dagger","Cloak And Dagger","Prepared","Cloak And Dagger","Accuracy","Panache","Infinite Blades","Panache","Cloak And Dagger+1","Well Laid Plans+1"],"max_hp_per_floor":[63,63,63,63,63,63,63,63,63,77,77,77,77,77,77,77,77,77,77,77,77,77,77,77,77,77,77,77,77,77,77,77,79,86,86,86,86,88,88,88,88,88,88,90],"relics":["Ring of the Snake","Golden Idol","War Paint","Gambling Chip","Mango","Pen Nib","Lizard Tail","Dream Catcher","Singing Bowl","Peace Pipe","Tiny House","Orichalcum","Vajra","Calipers"],"card_choices":[{"not_picked":["Tactician","Night Terror"],"picked":"Adrenaline"},{"not_picked":["Deadly Poison","Bouncing Flask"],"picked":"Cloak And Dagger"},{"not_picked":["Deadly Poison","Sucker Punch"],"picked":"Choke"},{"not_picked":["Choke","Expertise"],"picked":"Escape Plan"},{"not_picked":["Skewer","Bane"],"picked":"Die Die Die"},{"not_picked":["Quick Slash","Choke"],"picked":"Terror"},{"not_picked":["Flying Knee","Catalyst"],"picked":"Cloak And Dagger"},{"not_picked":["Underhanded Strike","Skewer"],"picked":"Prepared"},{"not_picked":["Quick Slash","Dodge and Roll"],"picked":"Infinite Blades"},{"not_picked":["Backflip","Dagger Throw"],"picked":"Cloak And Dagger"},{"not_picked":["Dodge and Roll","Quick Slash"],"picked":"Well Laid Plans"}],"player_experience":353372,"potions_floor_usage":[33,33,45],"damage_taken":[{"damage":2.0,"enemies":"Cultist","floor":1.0,"turns":4.0},{"damage":4.0,"enemies":"2 Louse","floor":4.0,"turns":4.0},{"damage":0.0,"enemies":"Small Slimes","floor":5.0,"turns":3.0},{"damage":16.0,"enemies":"3 Sentries","floor":7.0,"turns":11.0},{"damage":14.0,"enemies":"Lagavulin","floor":11.0,"turns":6.0},{"damage":2.0,"enemies":"Looter","floor":13.0,"turns":2.0},{"damage":0.0,"enemies":"3 Louse","floor":14.0,"turns":1.0},{"damage":20.0,"enemies":"Hexaghost","floor":16.0,"turns":8.0},{"damage":0.0,"enemies":"Chosen","floor":18.0,"turns":3.0},{"damage":10.0,"enemies":"2 Thieves","floor":22.0,"turns":3.0},{"damage":6.0,"enemies":"3 Cultists","floor":24.0,"turns":4.0},{"damage":12.0,"enemies":"Slaver and Parasite","floor":28.0,"turns":6.0},{"damage":86,"enemies":"Automaton","floor":33,"turns":8},{"damage":12,"enemies":"3 Darklings","floor":35,"turns":3},{"damage":2,"enemies":"Orb Walker","floor":38,"turns":3},{"damage":38,"enemies":"Maw","floor":41,"turns":6},{"damage":2,"enemies":"3 Darklings","floor":42,"turns":2},{"damage":7,"enemies":"4 Shapes","floor":44,"turns":4},{"damage":30,"enemies":"Sphere and 2 Shapes","floor":45,"turns":4}],"event_choices":[{"event_name":"World of Goop","player_choice":"Gather Gold","floor":2.0,"damage_taken":0.0},{"event_name":"Golden Idol","player_choice":"Take Damage","floor":3.0,"damage_taken":0.0},{"event_name":"Knowing Skull","player_choice":"GOLD GOLD GOLD ","floor":19.0,"damage_taken":0.0},{"event_name":"Vampires","player_choice":"Ignored","floor":20.0,"damage_taken":0.0},{"event_name":"The Library","player_choice":"Read","floor":21.0,"damage_taken":0.0},{"event_name":"Duplicator","player_choice":"One dupe","floor":30.0,"damage_taken":0.0},{"event_name":"The Mausoleum","player_choice":"Yes","floor":31,"damage_taken":0},{"event_name":"Accursed Blacksmith","player_choice":"Rummage","floor":36,"damage_taken":0}],"boss_relics":[{"not_picked":["Velvet Choker","Question Card"],"picked":"Tiny House"}],"potions_floor_spawned":[13,14,16,18,33,35,44],"seed_played":"-1682638385402485737","killed_by":"Sphere and 2 Shapes","ascension_level":4,"is_trial":false}