{"path_per_floor":["M","$","?","?","$","E","R","M","T","E","M","R","M","M","R","B",null,"M","?","?","M","M","R"],"character_chosen":"THE_SILENT","items_purchased":[],"gold_per_floor":[116,41,41,41,41,74,74,84,132,164,179,179,197,209,209,314,314,326,326,326,337,347,347],"floor_reached":24,"campfire_rested":4,"playtime":1331,"current_hp_per_floor":[69,69,69,62,62,22,43,35,35,17,17,53,53,45,70,54,70,60,60,60,45,3,39],"items_purged":["Strike_G"],"gold":347,"score":247,"play_id":"7a5bbbd5-99b8-4181-97c2-6c914d404200","is_prod":false,"is_daily":false,"is_ascension_mode":true,"campfire_upgraded":0,"path_taken":["M","$","?","?","$","E","R","M","T","E","?","R","M","M","R","BOSS","M","?","?","?","M","R","E"],"build_version":"2018-02-08-PROD1","purchased_purges":1,"victory":false,"master_deck":["Survivor","Neutralize","Terror","Well Laid Plans","Backstab","Backflip","Choke","Cloak And Dagger","Prepared","Finisher","Underhanded Strike","Reflex","Bouncing Flask","Deadly Poison","Blur","PiercingWail","Blade Dance","Prepared"],"max_hp_per_floor":[70,70,70,70,70,70,70,70,70,70,70,70,70,70,70,70,70,70,70,70,70,70,70],"relics":["Ring of the Snake","Prayer Wheel","Regal Pillow","Happy Flower","Pandora\u0027s Box"],"card_choices":[{"not_picked":["Quick Slash","Dash"],"picked":"Terror"},{"not_picked":["Dagger Spray","Setup"],"picked":"Well Laid Plans"},{"not_picked":["Dash","Deadly Poison"],"picked":"Backstab"},{"not_picked":["Caltrops","Deadly Poison"],"picked":"Backflip"},{"not_picked":["Underhanded Strike","Flying Knee"],"picked":"Choke"},{"not_picked":["Acrobatics","Phantasmal Killer"],"picked":"Cloak And Dagger"},{"not_picked":["Underhanded Strike","Acrobatics"],"picked":"Prepared"},{"not_picked":["Finisher","Slice"],"picked":"Blade Dance"}],"player_experience":352041,"potions_floor_usage":[10,16,22,24],"damage_taken":[{"damage":1,"enemies":"Jaw Worm","floor":1,"turns":3},{"damage":40,"enemies":"Gremlin Nob","floor":6,"turns":5},{"damage":8,"enemies":"Blue Slaver","floor":8,"turns":3},{"damage":18,"enemies":"Lagavulin","floor":10,"turns":6},{"damage":0,"enemies":"2 Louse","floor":11,"turns":2},{"damage":0,"enemies":"Large Slime","floor":13,"turns":4},{"damage":8,"enemies":"Red Slaver","floor":14,"turns":2},{"damage":16,"enemies":"Slime Boss","floor":16,"turns":8},{"damage":10,"enemies":"Shell Parasite","floor":18,"turns":4},{"damage":15,"enemies":"2 Thieves","floor":21,"turns":4},{"damage":42,"enemies":"Centurion and Healer","floor":22,"turns":9},{"damage":39,"enemies":"Gremlin Leader","floor":24,"turns":6}],"event_choices":[{"event_name":"Purifier","player_choice":"One Purge","floor":3,"damage_taken":0},{"event_name":"Golden Wing","player_choice":"Card Removal","floor":4,"damage_taken":0},{"event_name":"The Woman in Blue","player_choice":"Bought 0 Potions","floor":19,"damage_taken":0},{"event_name":"The Library","player_choice":"Read","floor":20,"damage_taken":0}],"boss_relics":[{"not_picked":["Snecko Eye","Philosopher\u0027s Stone"],"picked":"Pandora\u0027s Box"}],"potions_floor_spawned":[6,13,14,21],"seed_played":"5610715203951790802","killed_by":"Gremlin Leader","ascension_level":4,"is_trial":false}