{"path_per_floor":["M","?","M","M","?","R","M","R","T","R","M","M","$","?","R","B",null,"M","?","M","M","?","R","?","E","T","M","M","R","?","M","R","B",null,"M","?","?","$","M","R","?","M","T","R","?","M","M","$","R","B"],"character_chosen":"THE_SILENT","items_purchased":["Frozen Egg 2","Paper Crane","Footwork","Apotheosis"],"gold_per_floor":[14,14,29,47,47,47,63,63,63,63,77,90,15,15,15,143,143,168,168,193,212,212,212,212,256,256,274,298,298,298,312,312,437,475,489,789,789,122,137,137,0,16,16,16,349,363,382,81,81,81],"floor_reached":51,"campfire_rested":0,"playtime":3379,"current_hp_per_floor":[69,69,68,60,57,57,57,57,57,57,57,57,57,57,57,26,70,68,68,68,67,67,67,67,60,60,60,60,60,60,60,60,47,75,75,75,75,75,75,75,75,75,75,75,75,75,75,75,75,75],"items_purged":["Strike_G","Masterful Stab","Survivor"],"gold":81,"score":584,"play_id":"ca4a2bab-3b0f-4b36-bb16-b0a74bf2d0de","is_prod":false,"is_daily":false,"is_ascension_mode":false,"campfire_upgraded":2,"path_taken":["M","?","M","M","?","R","M","R","T","R","M","M","$","?","R","BOSS","M","?","M","M","?","R","?","E","T","M","M","R","?","?","R","BOSS","M","?","?","$","M","R","?","M","T","R","?","M","?","$","R","BOSS"],"build_version":"2018-02-12-PROD1","purchased_purges":3,"victory":true,"master_deck":["Neutralize","Well Laid Plans","Escape Plan","Cloak And Dagger","A Thousand Cuts+1","Backstab+1","Backstab","Adrenaline","Noxious Fumes+1","Deep Breath","Die Die Die","Footwork+1","Apotheosis"],"max_hp_per_floor":[70,70,70,70,70,70,70,70,70,70,70,70,70,70,70,70,70,70,70,70,70,70,70,70,70,70,70,70,70,70,70,70,70,75,75,75,75,75,75,75,75,75,75,75,75,75,75,75,75,75],"relics":["Ring of the Snake","Peace Pipe","Torii","Thread and Needle","Sozu","Oddly Smooth Stone","Bag of Preparation","Letter Opener","Tiny House","Frozen Egg 2","Paper Crane","Red Mask","Calipers"],"card_choices":[{"not_picked":["Flying Knee","Setup"],"picked":"Cloak And Dagger"},{"not_picked":["Venomology","Expertise"],"picked":"Well Laid Plans"},{"not_picked":["Slice","Dagger Throw"],"picked":"Escape Plan"},{"not_picked":["Quick Slash","Burst"],"picked":"Cloak And Dagger"},{"not_picked":["Bullet Time","Die Die Die"],"picked":"A Thousand Cuts"},{"not_picked":["Acrobatics","Storm of Steel"],"picked":"Backstab"},{"not_picked":["Well Laid Plans","Dagger Spray"],"picked":"Backstab"},{"not_picked":["Glass Knife","Burst"],"picked":"Adrenaline"},{"not_picked":["Outmaneuver","Heel Hook"],"picked":"Noxious Fumes"}],"player_experience":382988,"potions_floor_usage":[16,16],"damage_taken":[{"damage":1.0,"enemies":"Cultist","floor":1.0,"turns":4.0},{"damage":1.0,"enemies":"2 Louse","floor":3.0,"turns":3.0},{"damage":8.0,"enemies":"Jaw Worm","floor":4.0,"turns":5.0},{"damage":0.0,"enemies":"Exordium Wildlife","floor":7.0,"turns":4.0},{"damage":0.0,"enemies":"3 Louse","floor":11.0,"turns":4.0},{"damage":0.0,"enemies":"Looter","floor":12.0,"turns":3.0},{"damage":31,"enemies":"Slime Boss","floor":16,"turns":21},{"damage":2,"enemies":"2 Thieves","floor":18,"turns":5},{"damage":0,"enemies":"3 Byrds","floor":20,"turns":4},{"damage":1,"enemies":"Centurion and Healer","floor":21,"turns":8},{"damage":7,"enemies":"Slavers","floor":25,"turns":5},{"damage":0,"enemies":"Snake Plant","floor":27,"turns":3},{"damage":0,"enemies":"Snecko","floor":28,"turns":5},{"damage":0,"enemies":"3 Cultists","floor":31,"turns":2},{"damage":13,"enemies":"Automaton","floor":33,"turns":8},{"damage":0,"enemies":"Orb Walker","floor":35,"turns":2},{"damage":0,"enemies":"3 Shapes","floor":39,"turns":2},{"damage":0,"enemies":"Sphere and 2 Shapes","floor":42,"turns":2},{"damage":0,"enemies":"3 Darklings","floor":46,"turns":2},{"damage":0,"enemies":"Maw","floor":47,"turns":4},{"damage":0,"enemies":"Awakened One","floor":50,"turns":4}],"event_choices":[{"event_name":"Golden Idol","player_choice":"Take Wound","floor":2.0,"damage_taken":0.0},{"event_name":"Scrap Ooze","player_choice":"success","floor":5.0,"damage_taken":3.0},{"event_name":"Living Wall","player_choice":"Forget","floor":14.0,"damage_taken":0.0},{"event_name":"Cursed Tome","player_choice":"Ignored","floor":19,"damage_taken":0},{"event_name":"Transmorgrifier","player_choice":"Transform","floor":22,"damage_taken":0},{"event_name":"Back to Basics","player_choice":"Elegance","floor":24,"damage_taken":0},{"event_name":"The Mausoleum","player_choice":"Yes","floor":30,"damage_taken":0},{"event_name":"Wheel of Change","player_choice":"Gold","floor":36,"damage_taken":0},{"event_name":"Match and Keep!","player_choice":"2 cards matched","floor":37,"damage_taken":0},{"event_name":"Tomb of Lord Red Mask","player_choice":"Paid","floor":41,"damage_taken":0},{"event_name":"The Moai Head","player_choice":"Gave Idol","floor":45,"damage_taken":0}],"boss_relics":[{"not_picked":["Ectoplasm","Snecko Eye"],"picked":"Sozu"},{"not_picked":["Runic Pyramid","Cursed Key"],"picked":"Tiny House"}],"potions_floor_spawned":[4,7,16,20,25,28,33,35,42,47],"seed_played":"6058862530512252748","ascension_level":0,"is_trial":false}