{"path_per_floor":["M","?","$","$","?","R","M","M","T","M","$","M","T","M","R","B",null,"M","?","M","$","M","R","?","E","T","?","M","E","$","?","R","B",null,"M","?","?","M","M","R","T","$","T","M","M","$","M","M","R","B"],"character_chosen":"THE_SILENT","items_purchased":["Noxious Fumes","Footwork","Singing Bowl","Footwork","Finesse","Acrobatics"],"gold_per_floor":[115,115,40,40,215,215,233,252,252,265,110,121,171,188,188,286,286,305,305,230,84,94,94,94,125,125,125,136,163,23,23,23,123,123,139,139,0,13,31,31,108,108,108,121,137,10,26,37,37,37],"floor_reached":51,"campfire_rested":4,"playtime":2932,"current_hp_per_floor":[63,49,49,49,49,53,46,46,46,38,38,27,27,18,45,13,56,43,43,26,26,15,46,46,36,36,36,32,25,25,25,62,26,77,66,106,106,72,60,68,68,68,68,64,48,48,33,25,71,49],"items_purged":["Doubt","Strike_G"],"gold":37,"score":767,"play_id":"e3c9fbcf-0231-4a18-a9a2-a6894dcdb19c","is_prod":false,"is_daily":false,"is_ascension_mode":true,"campfire_upgraded":2,"path_taken":["M","?","?","$","?","R","M","M","T","M","?","M","?","M","R","BOSS","M","?","M","$","M","R","?","E","T","?","?","E","$","?","R","BOSS","M","?","?","M","M","R","?","?","T","M","M","$","M","M","R","BOSS"],"build_version":"2018-02-22-PROD2","purchased_purges":3,"victory":true,"master_deck":["Defend_G+1","Defend_G+1","Defend_G+1","Defend_G+1","Defend_G+1","Strike_G+1","Strike_G+1","Strike_G+1","Strike_G+1","Survivor+1","Neutralize+1","Noxious Fumes+1","Dodge and Roll","Burst","Footwork","Dodge and Roll","Catalyst","Poisoned Stab","Footwork+1","Footwork+1","Burst+1","Backflip+1","Escape Plan","Finesse","Acrobatics"],"max_hp_per_floor":[70,70,70,70,70,70,70,70,70,70,70,70,70,70,70,70,70,70,70,70,70,72,74,74,76,76,76,78,92,92,92,94,94,94,96,106,106,106,108,108,108,108,108,110,110,110,112,114,116,116],"relics":["Eternal Feather","Letter Opener","Dream Catcher","White Beast Statue","Singing Bowl","Frozen Egg 2","Calipers","Mango","Runic Pyramid","Red Mask","Toolbox","Dodecahedron"],"card_choices":[{"not_picked":["Sucker Punch","Acrobatics"],"picked":"Dodge and Roll"},{"not_picked":["Accuracy","Dagger Spray"],"picked":"Burst"},{"not_picked":["Bane","Quick Slash"],"picked":"Dodge and Roll"},{"not_picked":["Eviscerate","Sucker Punch"],"picked":"Catalyst"},{"not_picked":["Glass Knife","Envenom"],"picked":"After Image"},{"not_picked":["Dagger Spray","Blade Dance"],"picked":"Poisoned Stab"},{"not_picked":["Corpse Explosion","Acrobatics"],"picked":"Footwork"},{"not_picked":["Storm of Steel","Envenom"],"picked":"Burst"},{"not_picked":["Prepared","PiercingWail"],"picked":"Backflip"},{"not_picked":["Deflect","Caltrops"],"picked":"Escape Plan"}],"player_experience":527085,"potions_floor_usage":[50,50,50],"damage_taken":[{"damage":0.0,"enemies":"2 Louse","floor":1.0,"turns":3.0},{"damage":7.0,"enemies":"Jaw Worm","floor":7.0,"turns":5.0},{"damage":0.0,"enemies":"Small Slimes","floor":8.0,"turns":4.0},{"damage":8.0,"enemies":"Blue Slaver","floor":10.0,"turns":5.0},{"damage":11.0,"enemies":"Large Slime","floor":12.0,"turns":9.0},{"damage":9.0,"enemies":"3 Louse","floor":14.0,"turns":5.0},{"damage":32.0,"enemies":"Slime Boss","floor":16.0,"turns":11.0},{"damage":13.0,"enemies":"3 Byrds","floor":18.0,"turns":6.0},{"damage":32.0,"enemies":"2 Thieves","floor":20.0,"turns":5.0},{"damage":13.0,"enemies":"Centurion and Healer","floor":22.0,"turns":9.0},{"damage":12.0,"enemies":"Slavers","floor":25.0,"turns":9.0},{"damage":6.0,"enemies":"Snake Plant","floor":28.0,"turns":6.0},{"damage":21.0,"enemies":"Gremlin Leader","floor":29.0,"turns":3.0},{"damage":36.0,"enemies":"Automaton","floor":33.0,"turns":16.0},{"damage":13.0,"enemies":"3 Shapes","floor":35.0,"turns":7.0},{"damage":34.0,"enemies":"3 Darklings","floor":38.0,"turns":8.0},{"damage":14.0,"enemies":"4 Shapes","floor":39.0,"turns":8.0},{"damage":6.0,"enemies":"Maw","floor":44.0,"turns":12.0},{"damage":16,"enemies":"Sphere and 2 Shapes","floor":45,"turns":12},{"damage":17,"enemies":"4 Shapes","floor":47,"turns":7},{"damage":10,"enemies":"3 Darklings","floor":48,"turns":6},{"damage":22,"enemies":"Donu and Deca","floor":50,"turns":18}],"event_choices":[{"event_name":"Shining Light","player_choice":"Entered Light","floor":2.0,"damage_taken":0.0},{"event_name":"Liars Game","player_choice":"agreed","floor":5.0,"damage_taken":0.0},{"event_name":"Vampires","player_choice":"Ignored","floor":19.0,"damage_taken":0.0},{"event_name":"Back to Basics","player_choice":"Simplicity","floor":24.0,"damage_taken":0.0},{"event_name":"The Lab","player_choice":"Got Potions","floor":27.0,"damage_taken":0.0},{"event_name":"Beggar","player_choice":"Ignored","floor":31.0,"damage_taken":0.0},{"event_name":"Bonfire Elementals","player_choice":"RARE","floor":36.0,"damage_taken":0.0},{"event_name":"Tomb of Lord Red Mask","player_choice":"Paid","floor":37.0,"damage_taken":0.0}],"boss_relics":[],"potions_floor_spawned":[7,10,14,16,18,20,22,25,28,29,33,35,38,39,44,45,47,48],"seed_played":"7259352465651635509","ascension_level":9,"is_trial":false}