{"path_per_floor":["M","M","$","M","M","R","$","M","T","?","R","?","$","?","R","B",null,"M","?","M","?","?","R","M"],"character_chosen":"THE_SILENT","items_purchased":["Poisoned Stab"],"gold_per_floor":[114,128,53,63,75,75,21,36,36,36,36,36,36,36,36,140,140,154,154,174,174,174,174,194],"floor_reached":25,"campfire_rested":2,"playtime":800,"current_hp_per_floor":[61,57,57,55,13,34,34,28,28,28,28,33,33,51,51,30,64,48,48,48,48,48,70,51],"items_purged":["Strike_G"],"gold":194,"score":277,"play_id":"b3df0e18-cb44-49ea-9dc6-c0ba08a0ec2e","is_prod":false,"is_daily":false,"is_ascension_mode":true,"campfire_upgraded":2,"path_taken":["M","?","?","M","M","R","$","M","T","?","R","?","$","?","R","BOSS","M","?","?","?","?","R","M","E"],"build_version":"2018-02-22-PROD2","purchased_purges":1,"victory":false,"master_deck":["Defend_G","Defend_G","Defend_G","Defend_G","Defend_G","Strike_G","Strike_G","Strike_G","Strike_G","Survivor","Neutralize","Bouncing Flask","Catalyst+1","Poisoned Stab+1","Parasite","Venomology","Blur","Caltrops"],"max_hp_per_floor":[70,70,70,70,70,70,70,70,70,70,70,75,75,75,75,75,75,75,75,75,75,75,75,75],"relics":["The Specimen","Thread and Needle","Sozu","Pen Nib"],"card_choices":[{"not_picked":["Flying Knee","Leg Sweep"],"picked":"Bouncing Flask"},{"not_picked":["Expertise","Quick Slash"],"picked":"Catalyst"},{"not_picked":["Corpse Explosion","Glass Knife"],"picked":"Venomology"},{"not_picked":["Slice","Flying Knee"],"picked":"Blur"}],"player_experience":526285,"potions_floor_usage":[],"damage_taken":[{"damage":2.0,"enemies":"Cultist","floor":1.0,"turns":4.0},{"damage":4.0,"enemies":"Small Slimes","floor":2.0,"turns":5.0},{"damage":2.0,"enemies":"Jaw Worm","floor":4.0,"turns":6.0},{"damage":42.0,"enemies":"Large Slime","floor":5.0,"turns":14.0},{"damage":6.0,"enemies":"Looter","floor":8.0,"turns":3.0},{"damage":21.0,"enemies":"The Guardian","floor":16.0,"turns":9.0},{"damage":16.0,"enemies":"Spheric Guardian","floor":18.0,"turns":5.0},{"damage":0.0,"enemies":"Shell Parasite","floor":20.0,"turns":5.0},{"damage":19,"enemies":"Snake Plant","floor":24,"turns":5},{"damage":57,"enemies":"Book of Stabbing","floor":25,"turns":5}],"event_choices":[{"event_name":"The Cleric","player_choice":"Leave","floor":10.0,"damage_taken":0.0},{"event_name":"Big Fish","player_choice":"Donut","floor":12.0,"damage_taken":0.0},{"event_name":"Mushrooms","player_choice":"Healed and dodged fight","floor":14.0,"damage_taken":0.0},{"event_name":"Vampires","player_choice":"Ignored","floor":19.0,"damage_taken":0.0},{"event_name":"The Mausoleum","player_choice":"Yes","floor":21,"damage_taken":0},{"event_name":"The Library","player_choice":"Read","floor":22,"damage_taken":0}],"boss_relics":[],"potions_floor_spawned":[4,5,18],"seed_played":"1121277352598909481","killed_by":"Book of Stabbing","ascension_level":9,"is_trial":false}