{"path_per_floor":["M","?","$","M","$","R","?","?","T","M","M","$","?","M","R","B",null,"M","?","M"],"character_chosen":"THE_SILENT","items_purchased":["Noxious Fumes","Dagger Throw","Bag of Preparation","Acrobatics"],"gold_per_floor":[360,360,48,61,16,16,91,91,91,104,120,20,20,40,40,137,137,151,151,161],"floor_reached":21,"campfire_rested":1,"playtime":1180,"current_hp_per_floor":[55,48,48,47,47,47,36,36,36,35,30,30,47,43,64,7,54,36,36,20],"items_purged":["Defend_G","Strike_G"],"gold":161,"score":237,"play_id":"78c06ae2-a33f-40ce-84f8-16a5a508464c","is_prod":false,"is_daily":false,"is_ascension_mode":true,"campfire_upgraded":1,"path_taken":["M","?","$","M","$","R","?","?","T","M","?","$","?","M","R","BOSS","M","?","?","M"],"build_version":"2018-02-22-PROD2","purchased_purges":2,"victory":false,"master_deck":["Defend_G","Defend_G","Defend_G","Defend_G","Strike_G","Strike_G","Strike_G","Strike_G","Survivor","Neutralize","Backstab","Noxious Fumes+1","Dagger Throw","Prepared","Acrobatics","Catalyst","Acrobatics","Escape Plan","Parasite","Adrenaline","Underhanded Strike"],"max_hp_per_floor":[70,70,70,70,70,70,70,70,70,70,70,70,70,70,70,70,70,70,70,70],"relics":["Ring of the Snake","Bag of Preparation","Frozen Eye","Eternal Feather","Ancient Tea Set"],"card_choices":[{"not_picked":["Sucker Punch","Accuracy"],"picked":"Backstab"},{"not_picked":["Setup","Slice"],"picked":"Prepared"},{"not_picked":["Riddle With Holes","Sucker Punch"],"picked":"Acrobatics"},{"not_picked":["Bane","Deflect"],"picked":"Escape Plan"},{"not_picked":["Venomology","Glass Knife"],"picked":"Adrenaline"},{"not_picked":["Bane","Deflect"],"picked":"Underhanded Strike"}],"player_experience":517602,"potions_floor_usage":[21,21],"damage_taken":[{"damage":8,"enemies":"Small Slimes","floor":1,"turns":4},{"damage":1,"enemies":"Cultist","floor":4,"turns":3},{"damage":1,"enemies":"Jaw Worm","floor":10,"turns":3},{"damage":5,"enemies":"Blue Slaver","floor":11,"turns":5},{"damage":4,"enemies":"Large Slime","floor":14,"turns":6},{"damage":57,"enemies":"Slime Boss","floor":16,"turns":10},{"damage":18,"enemies":"Spheric Guardian","floor":18,"turns":6},{"damage":16,"enemies":"3 Byrds","floor":20,"turns":5},{"damage":34,"enemies":"Cultist and Chosen","floor":21,"turns":5}],"event_choices":[{"event_name":"Golden Wing","player_choice":"Card Removal","floor":2,"damage_taken":0},{"event_name":"World of Goop","player_choice":"Gather Gold","floor":7,"damage_taken":0},{"event_name":"Match and Keep!","player_choice":"1 cards matched","floor":8,"damage_taken":0},{"event_name":"Mushrooms","player_choice":"Healed and dodged fight","floor":13,"damage_taken":0},{"event_name":"The Mausoleum","player_choice":"Yes","floor":19,"damage_taken":0}],"boss_relics":[{"not_picked":["Black Star","Ectoplasm"],"picked":"Eternal Feather"}],"potions_floor_spawned":[4,11,14,16],"seed_played":"-3962579121742848972","killed_by":"Cultist and Chosen","ascension_level":8,"is_trial":false}