{"path_per_floor":["M","?","M","M","M","R","M","?","T","E","M","M","$","?","R","B",null,"M","?","?","M","$","R","M","?","T","M","?","R","?","M","R"],"character_chosen":"THE_SILENT","items_purchased":["Backstab","Ancient Tea Set","Malaise"],"gold_per_floor":[115,190,201,220,237,237,251,251,275,314,329,343,80,30,30,158,158,174,174,174,195,22,22,42,132,158,177,177,177,427,447,447],"floor_reached":33,"campfire_rested":2,"playtime":1974,"current_hp_per_floor":[63,52,52,52,51,51,51,51,51,33,29,29,29,29,47,33,55,51,51,51,49,49,49,49,33,33,34,34,53,58,51,51],"items_purged":["Strike_G","Strike_G"],"gold":447,"score":398,"play_id":"638a9922-282b-48d8-8c58-45bd7d7087aa","local_time":"20180304214029","is_prod":false,"is_daily":false,"is_ascension_mode":true,"campfire_upgraded":3,"timestamp":1520217629,"path_taken":["M","?","M","M","M","R","M","?","T","E","M","M","$","?","R","BOSS","M","?","?","M","$","R","M","?","T","M","?","R","?","M","R","BOSS"],"build_version":"2018-03-01-PROD1","purchased_purges":4,"victory":false,"master_deck":["Defend_G+1","Defend_G","Defend_G+1","Defend_G","Defend_G","Strike_G","Strike_G","Survivor","Neutralize","Noxious Fumes+1","Leg Sweep","PiercingWail","Noxious Fumes","Well Laid Plans","Backstab","Noxious Fumes","Catalyst+1","Malaise+1","Regret"],"max_hp_per_floor":[67,67,67,67,67,67,67,62,62,62,62,62,62,62,62,62,62,62,62,62,62,62,62,62,62,62,64,64,64,64,66,66],"relics":["Ring of the Snake","Bloody Idol","Art of War","War Paint","Ancient Tea Set","Orrery","Toolbox","Singing Bowl"],"card_choices":[{"not_picked":["Deadly Poison","Bane"],"picked":"Noxious Fumes"},{"not_picked":["Flying Knee","Prepared"],"picked":"Leg Sweep"},{"not_picked":["Predator","Well Laid Plans"],"picked":"PiercingWail"},{"not_picked":["Underhanded Strike","Catalyst"],"picked":"Noxious Fumes"},{"not_picked":["Cloak And Dagger","Backflip"],"picked":"Well Laid Plans"},{"not_picked":["Dagger Spray","Calculated Gamble"],"picked":"Noxious Fumes"},{"not_picked":["Expertise","Escape Plan"],"picked":"Catalyst"}],"player_experience":584849,"potions_floor_usage":[33,33,33],"damage_taken":[{"damage":0.0,"enemies":"Small Slimes","floor":1.0,"turns":3.0},{"damage":0.0,"enemies":"Jaw Worm","floor":3.0,"turns":5.0},{"damage":0.0,"enemies":"2 Louse","floor":4.0,"turns":3.0},{"damage":1.0,"enemies":"Looter","floor":5.0,"turns":5.0},{"damage":0.0,"enemies":"Red Slaver","floor":7.0,"turns":6.0},{"damage":18.0,"enemies":"Lagavulin","floor":10.0,"turns":11.0},{"damage":4.0,"enemies":"Large Slime","floor":11.0,"turns":8.0},{"damage":0.0,"enemies":"Blue Slaver","floor":12.0,"turns":5.0},{"damage":14.0,"enemies":"Slime Boss","floor":16.0,"turns":11.0},{"damage":4.0,"enemies":"Spheric Guardian","floor":18.0,"turns":6.0},{"damage":6.0,"enemies":"Shell Parasite","floor":21.0,"turns":7.0},{"damage":0.0,"enemies":"Sentry and Sphere","floor":24.0,"turns":6.0},{"damage":5.0,"enemies":"3 Cultists","floor":27.0,"turns":5.0},{"damage":14.0,"enemies":"Snecko","floor":31.0,"turns":8.0},{"damage":55,"enemies":"Collector","floor":33,"turns":8}],"event_choices":[{"event_name":"World of Goop","player_choice":"Gather Gold","floor":2.0,"damage_taken":0.0},{"event_name":"Golden Idol","player_choice":"Lose Max HP","floor":8.0,"damage_taken":0.0},{"event_name":"The Cleric","player_choice":"Card Removal","floor":14.0,"damage_taken":0.0},{"event_name":"The Woman in Blue","player_choice":"Bought 0 Potions","floor":19.0,"damage_taken":0.0},{"event_name":"The Mausoleum","player_choice":"Yes","floor":20.0,"damage_taken":0.0},{"event_name":"Knowing Skull","player_choice":"GOLD ","floor":25.0,"damage_taken":0.0},{"event_name":"Forgotten Altar","player_choice":"Gave Idol","floor":28.0,"damage_taken":0.0},{"event_name":"Golden Shrine","player_choice":"Desecrate","floor":30.0,"damage_taken":0.0}],"boss_relics":[],"potions_floor_spawned":[3,5,10,24,31],"seed_played":"6620092083693438886","killed_by":"Collector","ascension_level":12,"is_trial":false}