{"path_per_floor":["M","T","M","M","$","R","E","M","T","?","R","M","M","$","R","B",null,"M","?","?","M","$","R","M","?","T","?","M","R","M","E","R","B",null,"M","?","M","$","M","M","$","R","T","R","M","M","M","M","R","B"],"character_chosen":"THE_SILENT","items_purchased":["Thread and Needle","Regal Pillow","Footwork","Leg Sweep","War Paint","Concentrate"],"gold_per_floor":[366,366,377,389,13,13,44,57,357,357,357,381,396,112,112,232,232,247,247,247,268,108,108,123,123,123,123,147,147,162,205,205,326,364,377,377,398,248,263,281,68,68,68,68,89,114,133,152,152,152],"floor_reached":51,"campfire_rested":5,"playtime":5145,"current_hp_per_floor":[58,58,58,53,53,53,24,26,26,26,42,20,17,17,48,34,51,44,44,44,48,48,48,52,43,43,43,36,61,61,33,61,4,52,58,58,54,54,43,47,47,47,57,57,61,57,61,61,76,76],"items_purged":["Parasite","Strike_G","Defend_G","Caltrops"],"gold":152,"score":922,"play_id":"de9ab80c-2147-4534-9245-df9194f800c9","local_time":"20180304232048","is_prod":false,"is_daily":false,"is_ascension_mode":true,"campfire_upgraded":4,"timestamp":1520223648,"path_taken":["M","?","M","M","$","R","E","?","T","?","R","M","M","$","R","BOSS","M","?","?","M","$","R","M","?","T","?","M","R","?","E","R","BOSS","M","?","?","$","M","M","$","R","T","R","M","M","M","M","R","BOSS"],"build_version":"2018-03-01-PROD1","purchased_purges":4,"victory":true,"master_deck":["Defend_G","Defend_G","Defend_G","Defend_G","Strike_G","Survivor","Neutralize+1","Noxious Fumes+1","Blur","Backstab","Footwork+1","Prepared+1","Eviscerate+1","Escape Plan+1","Leg Sweep+1","Bane+1","Malaise+1","Burst+1","Venomology+1","Backflip","Concentrate"],"max_hp_per_floor":[63,63,63,63,60,60,60,60,60,56,56,56,56,56,56,56,56,56,56,56,56,56,56,56,61,61,61,61,61,61,61,61,61,66,66,66,66,66,66,66,66,66,76,76,76,76,76,76,76,76],"relics":["Ring of the Snake","Unceasing Top","Thread and Needle","Bird Faced Urn","Old Coin","Golden Idol","Regal Pillow","Astrolabe","Ornamental Fan","Sundial","Omamori","Tiny House","War Paint","Pear"],"card_choices":[{"not_picked":["Underhanded Strike","Quick Slash"],"picked":"Noxious Fumes"},{"not_picked":["Flying Knee","Masterful Stab"],"picked":"Blur"},{"not_picked":["Backflip","Caltrops"],"picked":"Backstab"},{"not_picked":["Calculated Gamble","Dagger Throw"],"picked":"Bane"},{"not_picked":["PiercingWail","Outmaneuver"],"picked":"Burst"},{"not_picked":["Flechettes","Poisoned Stab"],"picked":"Caltrops"},{"not_picked":["Tactician","Doppelganger"],"picked":"Venomology"},{"not_picked":["Poisoned Stab","Predator"],"picked":"Backflip"}],"player_experience":587321,"potions_floor_usage":[28,28,28,31,33,37,37,39,39,40,45,46,47,48,50,50,50],"damage_taken":[{"damage":5.0,"enemies":"Cultist","floor":1.0,"turns":5.0},{"damage":0.0,"enemies":"2 Louse","floor":3.0,"turns":4.0},{"damage":5.0,"enemies":"Jaw Worm","floor":4.0,"turns":5.0},{"damage":29.0,"enemies":"Gremlin Nob","floor":7.0,"turns":6.0},{"damage":0.0,"enemies":"Large Slime","floor":8.0,"turns":6.0},{"damage":24.0,"enemies":"Exordium Thugs","floor":12.0,"turns":7.0},{"damage":5.0,"enemies":"Lots of Slimes","floor":13.0,"turns":4.0},{"damage":18.0,"enemies":"Hexaghost","floor":16.0,"turns":14.0},{"damage":11.0,"enemies":"Chosen","floor":18.0,"turns":10.0},{"damage":0.0,"enemies":"Spheric Guardian","floor":21.0,"turns":7.0},{"damage":0.0,"enemies":"Centurion and Healer","floor":24.0,"turns":10.0},{"damage":23,"enemies":"Cultist and Chosen","floor":28,"turns":10},{"damage":0,"enemies":"Snake Plant","floor":30,"turns":6},{"damage":32,"enemies":"Slavers","floor":31,"turns":9},{"damage":57,"enemies":"Champ","floor":33,"turns":24},{"damage":0,"enemies":"Orb Walker","floor":35,"turns":7},{"damage":10,"enemies":"3 Darklings","floor":37,"turns":7},{"damage":15,"enemies":"4 Shapes","floor":39,"turns":8},{"damage":0,"enemies":"Maw","floor":40,"turns":14},{"damage":0,"enemies":"Sphere and 2 Shapes","floor":45,"turns":8},{"damage":8,"enemies":"4 Shapes","floor":46,"turns":7},{"damage":0,"enemies":"Maw","floor":47,"turns":11},{"damage":4,"enemies":"Sphere and 2 Shapes","floor":48,"turns":7},{"damage":1,"enemies":"Awakened One","floor":50,"turns":29}],"event_choices":[{"event_name":"Golden Idol","player_choice":"Lose Max HP","floor":10.0,"damage_taken":0.0},{"event_name":"The Lab","player_choice":"Got Potions","floor":19.0,"damage_taken":0.0},{"event_name":"The Mausoleum","player_choice":"Yes","floor":20.0,"damage_taken":0.0},{"event_name":"Forgotten Altar","player_choice":"Shed Blood","floor":25.0,"damage_taken":0.0},{"event_name":"The Library","player_choice":"Read","floor":27.0,"damage_taken":0.0},{"event_name":"Tomb of Lord Red Mask","player_choice":"Ignored","floor":36,"damage_taken":0}],"boss_relics":[{"not_picked":["Black Star","Question Card"],"picked":"Tiny House"}],"potions_floor_spawned":[8,12,13,16,21,24,30,31,37,39,40,45,47,48],"seed_played":"-4721350247244884227","ascension_level":12,"is_trial":false}