{"path_per_floor":["M","M","?","?","$","R","M","R","T","R","?","$","M","M","R","B",null,"M","$","?","?","M","R"],"character_chosen":"THE_SILENT","items_purchased":["Noxious Fumes","Malaise","PiercingWail","Bane"],"gold_per_floor":[109,122,72,72,72,72,89,89,115,115,115,38,58,72,72,146,146,162,24,24,24,43,43],"floor_reached":24,"campfire_rested":1,"playtime":903,"current_hp_per_floor":[56,56,56,52,52,52,52,52,52,52,52,52,42,42,42,19,52,24,24,24,37,24,42],"items_purged":[],"gold":43,"score":322,"play_id":"a0703a58-0b0d-453a-8e32-c4f3cc728483","local_time":"20180307144919","is_prod":false,"is_daily":false,"is_ascension_mode":true,"campfire_upgraded":4,"timestamp":1520452159,"path_taken":["M","M","?","?","?","R","?","R","T","R","?","$","M","M","R","BOSS","M","$","?","?","M","R","E"],"build_version":"2018-03-01-PROD1","purchased_purges":1,"victory":false,"master_deck":["Defend_G+1","Defend_G","Defend_G","Defend_G","Defend_G","Strike_G","Strike_G","Strike_G","Strike_G","Strike_G","Survivor+1","Neutralize+1","Poisoned Stab+1","Noxious Fumes+1","Malaise","PiercingWail","Bane"],"max_hp_per_floor":[66,66,63,63,63,63,63,63,63,63,63,63,63,63,63,63,63,63,63,63,63,63,63],"relics":["Ring of the Snake","Bag of Marbles","Anchor","The Specimen"],"card_choices":[{"not_picked":["Distraction","Deflect"],"picked":"Poisoned Stab"}],"player_experience":634658,"potions_floor_usage":[22,24],"damage_taken":[{"damage":3.0,"enemies":"Jaw Worm","floor":1.0,"turns":6.0},{"damage":0.0,"enemies":"2 Louse","floor":2.0,"turns":3.0},{"damage":0.0,"enemies":"Small Slimes","floor":7.0,"turns":4.0},{"damage":10.0,"enemies":"Gremlin Gang","floor":13.0,"turns":6.0},{"damage":0.0,"enemies":"Looter","floor":14.0,"turns":3.0},{"damage":23.0,"enemies":"The Guardian","floor":16.0,"turns":9.0},{"damage":28.0,"enemies":"Chosen","floor":18.0,"turns":6.0},{"damage":13,"enemies":"Spheric Guardian","floor":22,"turns":5},{"damage":51,"enemies":"Slavers","floor":24,"turns":4}],"event_choices":[{"event_name":"The Cleric","player_choice":"Card Removal","floor":3.0,"damage_taken":0.0},{"event_name":"The Woman in Blue","player_choice":"Bought 0 Potions","floor":4.0,"damage_taken":0.0},{"event_name":"Dead Adventurer","player_choice":"Searched \u00271\u0027 times","floor":11.0,"damage_taken":0.0},{"event_name":"The Mausoleum","player_choice":"No","floor":20,"damage_taken":0},{"event_name":"The Library","player_choice":"Heal","floor":21,"damage_taken":0}],"boss_relics":[],"potions_floor_spawned":[1,14,18],"seed_played":"599735959945541507","killed_by":"Slavers","ascension_level":15,"is_trial":false}