{"path_per_floor":["M","$","?","M","?","R","M","R","T","R","$","T","R","M","R","B",null,"M","M","?","?","?","R","$","R","T","R","M","M","R","?","R","B",null,"M","?","M","$","M","R"],"character_chosen":"THE_SILENT","items_purchased":["Infinite Blades","Cloak And Dagger","Accuracy","Cloak And Dagger"],"gold_per_floor":[117,3,78,94,94,94,104,104,104,104,6,6,6,22,22,94,124,137,147,147,147,47,47,47,47,72,72,83,94,94,9,9,83,83,96,96,107,81,98,98],"floor_reached":41,"campfire_rested":6,"playtime":1808,"current_hp_per_floor":[57,57,46,45,32,52,51,51,51,51,51,51,51,42,42,20,60,45,21,21,8,8,31,31,54,54,54,34,32,55,55,77,7,60,39,58,52,52,25,48],"items_purged":["Parasite"],"gold":98,"score":540,"play_id":"e5052148-a6b6-4e59-b673-90be6a568c83","local_time":"20180306204249","is_prod":false,"is_daily":false,"is_ascension_mode":true,"campfire_upgraded":5,"timestamp":1520386969,"path_taken":["M","$","?","M","?","R","M","R","T","R","$","?","R","M","R","BOSS","M","M","?","?","?","R","?","R","T","R","M","?","R","?","R","BOSS","M","?","M","$","M","R","E"],"build_version":"2018-03-01-PROD1","purchased_purges":2,"victory":false,"master_deck":["Defend_G+1","Defend_G+1","Defend_G+1","Defend_G+1","Defend_G+1","Strike_G+1","Strike_G+1","Strike_G+1","Strike_G+1","Strike_G+1","Survivor+1","Neutralize+1","Infinite Blades+1","PiercingWail","Cloak And Dagger+1","Accuracy+1","Infinite Blades","J.A.X.+1","Blur","Adrenaline","Writhe","Blur","Cloak And Dagger"],"max_hp_per_floor":[70,67,67,67,67,67,67,67,67,67,67,67,67,67,67,67,72,72,72,72,77,77,77,77,77,77,77,77,77,77,77,77,77,77,77,77,77,77,77,77],"relics":["Runic Pyramid","Du-Vu Doll","Blue Candle","Tiny House","Blood Vial","Orichalcum","Sozu"],"card_choices":[{"not_picked":["Bane","Deadly Poison"],"picked":"PiercingWail"},{"not_picked":["Leg Sweep","Backstab"],"picked":"Infinite Blades"},{"not_picked":["Distraction","Deflect"],"picked":"Blur"},{"not_picked":["Venomology","Tools of the Trade"],"picked":"Adrenaline"},{"not_picked":["Poisoned Stab","Choke"],"picked":"Blur"}],"player_experience":617008,"potions_floor_usage":[],"damage_taken":[{"damage":6.0,"enemies":"Jaw Worm","floor":1.0,"turns":6.0},{"damage":1.0,"enemies":"Small Slimes","floor":4.0,"turns":5.0},{"damage":1.0,"enemies":"2 Louse","floor":7.0,"turns":5.0},{"damage":9.0,"enemies":"Large Slime","floor":14.0,"turns":7.0},{"damage":22.0,"enemies":"Slime Boss","floor":16.0,"turns":11.0},{"damage":15.0,"enemies":"3 Byrds","floor":18.0,"turns":6.0},{"damage":24.0,"enemies":"2 Thieves","floor":19.0,"turns":5.0},{"damage":22.0,"enemies":"Centurion and Healer","floor":28.0,"turns":5.0},{"damage":4.0,"enemies":"Cultist and Chosen","floor":29.0,"turns":8.0},{"damage":70.0,"enemies":"Automaton","floor":33.0,"turns":12.0},{"damage":23.0,"enemies":"3 Darklings","floor":35.0,"turns":6.0},{"damage":8.0,"enemies":"3 Shapes","floor":37.0,"turns":8.0},{"damage":29,"enemies":"3 Darklings","floor":39,"turns":10},{"damage":66,"enemies":"Giant Head","floor":41,"turns":8}],"event_choices":[{"event_name":"World of Goop","player_choice":"Gather Gold","floor":3.0,"damage_taken":0.0},{"event_name":"Shining Light","player_choice":"Entered Light","floor":5.0,"damage_taken":0.0},{"event_name":"Back to Basics","player_choice":"Simplicity","floor":20.0,"damage_taken":0.0},{"event_name":"Forgotten Altar","player_choice":"Shed Blood","floor":21.0,"damage_taken":0.0},{"event_name":"Drug Dealer","player_choice":"Got JAXXED","floor":22.0,"damage_taken":0.0},{"event_name":"Addict","player_choice":"Obtained Relic","floor":31.0,"damage_taken":0.0},{"event_name":"Winding Halls","player_choice":"Writhe","floor":36.0,"damage_taken":0.0}],"boss_relics":[],"potions_floor_spawned":[1,14,18,28],"seed_played":"5236575768035374122","killed_by":"Giant Head","ascension_level":13,"is_trial":false}