{"path_per_floor":["M","$","?","$","M","R","M","M","T","M","E","R","?","E","R","B",null,"M","$","?","M"],"character_chosen":"THE_SILENT","items_purchased":["Happy Flower","Choke","Prepared","Accuracy"],"gold_per_floor":[368,143,143,43,57,57,71,88,88,108,133,133,98,129,129,208,208,228,32,32,51],"floor_reached":22,"campfire_rested":2,"playtime":1112,"current_hp_per_floor":[46,46,46,46,46,46,39,28,28,14,5,25,41,26,46,43,61,43,43,43,12],"items_purged":["Parasite","Injury"],"gold":51,"score":320,"play_id":"daa188ba-f24b-4c16-9f1c-8c82af7de1b8","local_time":"20180305213154","is_prod":false,"is_daily":false,"is_ascension_mode":true,"campfire_upgraded":1,"timestamp":1520303514,"path_taken":["M","$","?","?","M","R","?","M","T","M","E","R","?","E","R","BOSS","M","$","?","?","M"],"build_version":"2018-03-01-PROD1","purchased_purges":3,"victory":false,"master_deck":["Defend_G","Defend_G","Defend_G","Defend_G","Strike_G","Strike_G","Strike_G","Strike_G","Strike_G","Survivor","Neutralize","Prepared","Cloak And Dagger+1","Dagger Throw","Underhanded Strike","Infinite Blades","After Image","Noxious Fumes","Die Die Die","Accuracy","Choke","Prepared","Accuracy","Reflex"],"max_hp_per_floor":[70,67,67,67,67,67,67,67,67,67,67,67,67,67,67,67,67,67,67,67,67],"relics":["Ring of the Snake","Happy Flower","Frozen Eye","Ancient Tea Set","Mercury Hourglass","Runic Pyramid"],"card_choices":[{"not_picked":["Poisoned Stab","Flying Knee"],"picked":"Cloak And Dagger"},{"not_picked":["Catalyst","Slice"],"picked":"Dagger Throw"},{"not_picked":["Poisoned Stab","Quick Slash"],"picked":"Underhanded Strike"},{"not_picked":["Dagger Throw","Bouncing Flask"],"picked":"Infinite Blades"},{"not_picked":["Dodge and Roll","Infinite Blades"],"picked":"After Image"},{"not_picked":["Skewer","Blur"],"picked":"Noxious Fumes"},{"not_picked":["Doppelganger","Glass Knife"],"picked":"Die Die Die"},{"not_picked":["Backstab","Flying Knee"],"picked":"Accuracy"},{"not_picked":["Prepared","Infinite Blades"],"picked":"Reflex"}],"player_experience":602603,"potions_floor_usage":[11,11,16,18,22,22],"damage_taken":[{"damage":17,"enemies":"Jaw Worm","floor":1,"turns":9},{"damage":0,"enemies":"Cultist","floor":5,"turns":4},{"damage":7,"enemies":"Small Slimes","floor":7,"turns":4},{"damage":11,"enemies":"Exordium Thugs","floor":8,"turns":6},{"damage":14,"enemies":"Red Slaver","floor":10,"turns":5},{"damage":18,"enemies":"Gremlin Nob","floor":11,"turns":4},{"damage":15,"enemies":"Lagavulin","floor":14,"turns":8},{"damage":15,"enemies":"The Guardian","floor":16,"turns":12},{"damage":18,"enemies":"2 Thieves","floor":18,"turns":4},{"damage":31,"enemies":"Shell Parasite","floor":21,"turns":5},{"damage":17,"enemies":"Chosen and Byrds","floor":22,"turns":5}],"event_choices":[{"event_name":"Transmorgrifier","player_choice":"Transform","floor":3,"damage_taken":0},{"event_name":"The Cleric","player_choice":"Healed","floor":13,"damage_taken":0},{"event_name":"Drug Dealer","player_choice":"Ignored","floor":20,"damage_taken":0}],"boss_relics":[{"not_picked":["Philosopher\u0027s Stone","Pandora\u0027s Box"],"picked":"Runic Pyramid"}],"potions_floor_spawned":[1,10,14,16,18,21],"seed_played":"-2910065938698158138","killed_by":"Chosen and Byrds","ascension_level":13,"is_trial":false}