{"path_per_floor":["M","$","T","M","M","R","M","?","T","M","R","?","R","T","R","B",null,"M","?","M","T","?","?","R","$","T","R","M","?","M","M","R","B",null,"M","?","?","$","$","M","M","M","T","$","M","?","R","M","R","B"],"character_chosen":"THE_SILENT","items_purchased":["Noxious Fumes","Blur","Matryoshka","Footwork"],"gold_per_floor":[109,30,56,67,86,86,105,105,105,75,75,250,250,322,322,452,452,442,442,457,506,506,506,506,108,155,155,170,170,194,212,212,333,333,346,346,346,308,208,227,241,255,255,130,146,146,146,160,160,160],"floor_reached":51,"campfire_rested":1,"playtime":3533,"current_hp_per_floor":[71,71,71,71,65,65,56,37,37,36,36,36,60,60,60,50,83,72,72,74,74,74,74,74,74,74,74,87,87,60,74,74,93,93,93,93,93,93,93,75,81,99,99,99,101,101,101,103,103,103],"items_purged":["Doubt","Well Laid Plans","Bite"],"gold":160,"score":785,"play_id":"b67dd1b9-5aae-47d4-8e48-76053b069f76","local_time":"20180320202726","is_prod":false,"is_daily":false,"is_ascension_mode":false,"campfire_upgraded":8,"timestamp":1521592046,"path_taken":["M","$","?","M","?","R","M","?","T","M","R","?","R","?","R","BOSS","M","?","M","?","?","?","R","$","T","R","?","?","M","M","R","BOSS","M","?","?","?","$","M","M","M","T","$","?","?","R","M","R","BOSS"],"build_version":"2018-03-15v3","purchased_purges":5,"victory":true,"master_deck":["Defend_G+1","Defend_G+1","Defend_G+1","Defend_G+1","Defend_G+1","Survivor+1","Neutralize+1","Noxious Fumes+1","Malaise+1","Footwork+1","Bite","Bite","Bite","Blur+1","Blur+1","Footwork+1"],"max_hp_per_floor":[77,77,77,77,79,79,79,79,79,81,81,81,81,81,81,83,83,85,85,87,87,87,87,87,87,87,87,87,87,89,91,91,93,93,93,93,93,93,93,95,97,99,99,99,101,101,101,103,103,103],"relics":["Ring of the Snake","Singing Bowl","Golden Idol","Centennial Puzzle","Runic Pyramid","Anchor","Matryoshka","Pen Nib","Dream Catcher","Sozu","Bronze Scales","Tingsha"],"card_choices":[{"not_picked":["Underhanded Strike","Poisoned Stab"],"picked":"Malaise"},{"not_picked":["Slice","Flying Knee"],"picked":"Footwork"},{"not_picked":["Acrobatics","Bullet Time"],"picked":"Well Laid Plans"},{"not_picked":["Sucker Punch","Poisoned Stab"],"picked":"Blur"}],"player_experience":726667,"potions_floor_usage":[50],"damage_taken":[{"damage":6.0,"enemies":"Cultist","floor":1.0,"turns":5.0},{"damage":0.0,"enemies":"2 Louse","floor":4.0,"turns":4.0},{"damage":8.0,"enemies":"Jaw Worm","floor":5.0,"turns":4.0},{"damage":9.0,"enemies":"3 Louse","floor":7.0,"turns":3.0},{"damage":5.0,"enemies":"Looter","floor":10.0,"turns":4.0},{"damage":14.0,"enemies":"Hexaghost","floor":16.0,"turns":14.0},{"damage":13.0,"enemies":"2 Thieves","floor":18.0,"turns":4.0},{"damage":16.0,"enemies":"3 Byrds","floor":20.0,"turns":5.0},{"damage":0.0,"enemies":"Snake Plant","floor":28.0,"turns":7.0},{"damage":39.0,"enemies":"3 Cultists","floor":30.0,"turns":9.0},{"damage":4.0,"enemies":"Snecko","floor":31.0,"turns":8.0},{"damage":20.0,"enemies":"Automaton","floor":33.0,"turns":16.0},{"damage":1.0,"enemies":"3 Darklings","floor":35.0,"turns":7.0},{"damage":22.0,"enemies":"Orb Walker","floor":40.0,"turns":8.0},{"damage":18.0,"enemies":"3 Darklings","floor":41.0,"turns":7.0},{"damage":2.0,"enemies":"Sphere and 2 Shapes","floor":42.0,"turns":7.0},{"damage":2.0,"enemies":"Maw","floor":45.0,"turns":11.0},{"damage":0,"enemies":"3 Darklings","floor":48,"turns":7},{"damage":0,"enemies":"Time Eater","floor":50,"turns":21}],"event_choices":[{"event_name":"Golden Idol","player_choice":"Take Damage","floor":8.0,"damage_taken":0.0},{"event_name":"Liars Game","player_choice":"agreed","floor":12.0,"damage_taken":0.0},{"event_name":"Vampires","player_choice":"Became a vampire (Vial)","floor":19.0,"damage_taken":0.0},{"event_name":"Addict","player_choice":"Ignored","floor":22.0,"damage_taken":0.0},{"event_name":"Back to Basics","player_choice":"Simplicity","floor":23.0,"damage_taken":0.0},{"event_name":"Drug Dealer","player_choice":"Ignored","floor":29.0,"damage_taken":0.0},{"event_name":"Tomb of Lord Red Mask","player_choice":"Ignored","floor":36.0,"damage_taken":0.0},{"event_name":"Match and Keep!","player_choice":"0 cards matched","floor":37.0,"damage_taken":0.0}],"boss_relics":[],"potions_floor_spawned":[1,5,18,30,40,42],"seed_played":"4568997309108466719","ascension_level":0,"is_trial":false}