{"path_per_floor":["M","M","?","?","T","R","?","M","T","$","M","?","R","$","R","B",null,"M","M","?","M","$","E","R","M","T","R","M","M","$","M","R","B",null,"M","M","M","?","?","$","?","R","T","M","R","M","R","M","R","B"],"character_chosen":"THE_SILENT","items_purchased":["Thread and Needle","Deadly Poison","Leg Sweep","Dodge and Roll","Deadly Poison"],"gold_per_floor":[209,219,219,169,194,194,444,454,454,67,83,83,83,29,29,159,159,183,204,204,223,123,157,157,177,177,177,193,211,3,19,19,139,177,202,221,236,236,236,39,39,39,339,354,354,369,369,389,389,389],"floor_reached":51,"campfire_rested":3,"playtime":2890,"current_hp_per_floor":[69,69,69,69,69,69,69,64,64,64,64,47,68,68,68,46,70,67,66,66,66,66,38,38,37,37,58,57,56,56,44,65,42,75,75,75,72,72,63,63,63,63,63,60,60,60,60,60,60,43],"items_purged":["Regret","Strike_G","Strike_G","Strike_G"],"gold":389,"score":710,"play_id":"dd0b588c-6433-4f94-8173-1a2644e66b3b","local_time":"20180331222741","is_prod":false,"is_daily":false,"is_ascension_mode":false,"campfire_upgraded":7,"timestamp":1522549661,"path_taken":["M","M","?","?","?","R","?","?","T","$","M","?","R","?","R","BOSS","M","M","?","M","$","E","R","M","T","R","M","M","$","M","R","BOSS","M","M","M","?","?","?","?","R","T","?","R","M","R","M","R","BOSS"],"build_version":"2018-03-29v2","purchased_purges":6,"victory":true,"master_deck":["Defend_G","Defend_G","Defend_G","Defend_G","Survivor","Neutralize+1","Malaise+1","Bane","Deadly Poison+1","PiercingWail","Dodge and Roll+1","Deadly Poison","Catalyst+1","Leg Sweep","Dodge and Roll","Adrenaline+1","Poisoned Stab","Deadly Poison+1","Secret Technique","Madness+1","Madness+1","Deadly Poison","Noxious Fumes+1","Catalyst+1"],"max_hp_per_floor":[70,70,70,70,70,70,70,70,70,70,70,70,70,70,70,70,70,70,70,70,70,70,70,70,70,70,70,70,70,70,70,70,70,75,75,75,75,75,75,75,75,75,75,75,75,75,75,75,75,75],"relics":["Ring of the Snake","Pen Nib","Sundial","Thread and Needle","Golden Idol","Runic Pyramid","Ninja Scroll","Art of War","Tiny House","Old Coin"],"card_choices":[{"not_picked":["Deflect","Venomology"],"picked":"Malaise","floor":8.0},{"not_picked":["Underhanded Strike","Slice"],"picked":"Bane","floor":11.0},{"not_picked":["Slice","Acrobatics"],"picked":"PiercingWail","floor":21.0},{"not_picked":["Blade Dance","Envenom"],"picked":"Dodge and Roll","floor":23.0},{"not_picked":["Sucker Punch","Dagger Spray"],"picked":"Deadly Poison","floor":25.0},{"not_picked":["PiercingWail","Malaise"],"picked":"Catalyst","floor":28.0},{"not_picked":["After Image","Glass Knife"],"picked":"Adrenaline","floor":33.0},{"not_picked":["Dagger Throw","Bane"],"picked":"Poisoned Stab","floor":34.0},{"not_picked":["Cloak And Dagger","Flying Knee"],"picked":"Deadly Poison","floor":36.0},{"not_picked":["Purity","Mind Blast"],"picked":"Secret Technique","floor":38},{"not_picked":["Reflex","Cloak And Dagger"],"picked":"Noxious Fumes","floor":44},{"not_picked":["Poisoned Stab","Endless Agony"],"picked":"Catalyst","floor":46}],"player_experience":831124,"potions_floor_usage":[37,50,50],"damage_taken":[{"damage":1.0,"enemies":"2 Louse","floor":1.0,"turns":3.0},{"damage":0.0,"enemies":"Cultist","floor":2.0,"turns":5.0},{"damage":5.0,"enemies":"Small Slimes","floor":8.0,"turns":5.0},{"damage":0.0,"enemies":"Blue Slaver","floor":11.0,"turns":4.0},{"damage":22.0,"enemies":"Slime Boss","floor":16.0,"turns":15.0},{"damage":3.0,"enemies":"3 Byrds","floor":18.0,"turns":7.0},{"damage":1.0,"enemies":"Chosen","floor":19.0,"turns":5.0},{"damage":0.0,"enemies":"Sentry and Sphere","floor":21.0,"turns":7.0},{"damage":28.0,"enemies":"Slavers","floor":23.0,"turns":8.0},{"damage":1.0,"enemies":"Cultist and Chosen","floor":25.0,"turns":10.0},{"damage":16.0,"enemies":"3 Cultists","floor":28.0,"turns":7.0},{"damage":1.0,"enemies":"Snake Plant","floor":29.0,"turns":4.0},{"damage":12.0,"enemies":"Slaver and Parasite","floor":31.0,"turns":8.0},{"damage":23.0,"enemies":"Automaton","floor":33.0,"turns":12.0},{"damage":0.0,"enemies":"Orb Walker","floor":35.0,"turns":4.0},{"damage":0.0,"enemies":"3 Shapes","floor":36.0,"turns":11.0},{"damage":3,"enemies":"Sphere and 2 Shapes","floor":37,"turns":4},{"damage":3,"enemies":"Maw","floor":44,"turns":6},{"damage":0,"enemies":"3 Darklings","floor":46,"turns":7},{"damage":0,"enemies":"Sphere and 2 Shapes","floor":48,"turns":7},{"damage":32,"enemies":"Time Eater","floor":50,"turns":8}],"event_choices":[{"event_name":"Bonfire Elementals","player_choice":"BASIC","floor":3.0,"damage_taken":0.0},{"event_name":"The Cleric","player_choice":"Card Removal","floor":4.0,"damage_taken":0.0},{"event_name":"Golden Shrine","player_choice":"Desecrate","floor":7.0,"damage_taken":0.0},{"event_name":"Golden Idol","player_choice":"Take Damage","floor":12.0,"damage_taken":0.0},{"event_name":"Drug Dealer","player_choice":"Ignored","floor":20.0,"damage_taken":0.0},{"event_name":"SensoryStone","player_choice":"Memory 1","floor":38,"damage_taken":0},{"event_name":"Winding Halls","player_choice":"Embrace Madness","floor":39,"damage_taken":0},{"event_name":"Purifier","player_choice":"One Purge","floor":41,"damage_taken":0}],"boss_relics":[],"potions_floor_spawned":[1,16,19,25,28,36,46,48],"seed_played":"1233942135661201890","ascension_level":0,"is_trial":false}