{"path_per_floor":["M","?","$","?","M","R","?","R","T","M","M","?","M","M","R","B",null,"M","M","M","?","?","R","?","M","T","?","M","$","R","T","R","B",null,"M","M","M","?","M","R","?","R","T","?","M","R","$","$","R"],"character_chosen":"THE_SILENT","items_purchased":["Accuracy","Malaise","Noxious Fumes"],"gold_per_floor":[118,118,38,38,48,48,48,48,48,67,85,35,50,69,69,168,168,182,193,208,208,208,208,208,222,222,222,237,19,19,19,19,117,117,131,147,160,160,175,175,175,175,228,228,247,247,147,22,22,22],"floor_reached":50,"campfire_rested":2,"playtime":1988,"current_hp_per_floor":[67,53,53,58,56,56,49,49,63,62,58,58,58,53,79,79,89,75,53,57,57,57,57,57,47,47,47,39,39,65,65,65,6,89,81,53,4,4,2,2,78,78,78,78,46,46,46,46,46,0],"items_purged":["Strike_G","Infinite Blades","Strike_G"],"gold":22,"score":482,"play_id":"e4c063d9-e535-467c-8361-de2131f83a4c","local_time":"20180417202408","is_prod":false,"is_daily":false,"chose_seed":false,"is_ascension_mode":false,"campfire_upgraded":7,"timestamp":1524011048,"path_taken":["M","?","$","?","M","R","?","R","T","M","M","?","M","M","R","BOSS","M","M","M","?","?","R","?","?","T","?","M","$","R","?","R","BOSS","M","M","M","?","M","R","?","R","T","?","M","R","?","$","R","BOSS"],"build_version":"2018-04-12","seed_source_timestamp":22409357985526,"purchased_purges":3,"victory":false,"master_deck":["Defend_G+1","Defend_G","Defend_G","Defend_G","Defend_G","Strike_G","Survivor","Neutralize","Accuracy+1","Blade Dance+1","Adrenaline","Storm of Steel+1","Blade Dance+1","Malaise","Noxious Fumes+1","Envenom+1","Envenom+1"],"max_hp_per_floor":[70,70,70,75,75,75,75,75,89,89,89,89,89,89,89,89,89,89,89,89,89,89,89,89,89,89,89,89,89,89,89,89,89,89,89,89,89,89,89,89,78,78,78,78,78,78,78,78,78,78],"relics":["Ring of the Snake","Mango","Lizard Tail","Mercury Hourglass","Girya","Pantograph","Orrery","Juzu Bracelet"],"card_choices":[{"not_picked":["Cloak And Dagger","Acrobatics"],"picked":"Infinite Blades","floor":1.0},{"not_picked":["Backflip","PiercingWail"],"picked":"Blade Dance","floor":5.0},{"not_picked":["Backstab","Backflip"],"picked":"Adrenaline","floor":13.0},{"not_picked":["Wraith Form v2","Glass Knife"],"picked":"Storm of Steel","floor":16.0},{"not_picked":["Burst","Adrenaline"],"picked":"Envenom","floor":33},{"not_picked":["PiercingWail","Sucker Punch"],"picked":"Envenom","floor":34}],"player_experience":855691,"potions_floor_usage":[33,33,36,39,50,50],"damage_taken":[{"damage":3.0,"enemies":"Jaw Worm","floor":1.0,"turns":6.0},{"damage":2.0,"enemies":"Small Slimes","floor":5.0,"turns":4.0},{"damage":1.0,"enemies":"2 Louse","floor":10.0,"turns":3.0},{"damage":4.0,"enemies":"Blue Slaver","floor":11.0,"turns":4.0},{"damage":0.0,"enemies":"2 Fungi Beasts","floor":13.0,"turns":4.0},{"damage":5.0,"enemies":"Exordium Thugs","floor":14.0,"turns":3.0},{"damage":0.0,"enemies":"Slime Boss","floor":16.0,"turns":6.0},{"damage":14.0,"enemies":"2 Thieves","floor":18.0,"turns":4.0},{"damage":22.0,"enemies":"Chosen","floor":19.0,"turns":5.0},{"damage":5.0,"enemies":"Centurion and Healer","floor":20.0,"turns":4.0},{"damage":10,"enemies":"Sentry and Sphere","floor":25,"turns":3},{"damage":8,"enemies":"Cultist and Chosen","floor":28,"turns":5},{"damage":83,"enemies":"Champ","floor":33,"turns":8},{"damage":8,"enemies":"3 Shapes","floor":35,"turns":7},{"damage":28,"enemies":"3 Darklings","floor":36,"turns":5},{"damage":49,"enemies":"Sphere and 2 Shapes","floor":37,"turns":8},{"damage":2,"enemies":"4 Shapes","floor":39,"turns":6},{"damage":32,"enemies":"3 Darklings","floor":45,"turns":4},{"damage":136,"enemies":"Awakened One","floor":50,"turns":9}],"event_choices":[{"event_name":"Shining Light","player_choice":"Entered Light","floor":2.0,"damage_taken":0.0},{"event_name":"Big Fish","player_choice":"Donut","floor":4.0,"damage_taken":0.0},{"event_name":"Golden Wing","player_choice":"Card Removal","floor":7.0,"damage_taken":0.0},{"event_name":"The Cleric","player_choice":"Card Removal","floor":12.0,"damage_taken":0.0},{"event_name":"Addict","player_choice":"Ignored","floor":21,"damage_taken":0},{"event_name":"The Mausoleum","player_choice":"Yes","floor":22,"damage_taken":0},{"event_name":"The Library","player_choice":"Read","floor":24,"damage_taken":0},{"event_name":"Vampires","player_choice":"Ignored","floor":27,"damage_taken":0},{"event_name":"Mysterious Sphere","player_choice":"Ignore","floor":38,"damage_taken":0},{"event_name":"The Moai Head","player_choice":"Heal","floor":41,"damage_taken":0},{"event_name":"SensoryStone","player_choice":"Memory 1","floor":44,"damage_taken":0}],"boss_relics":[{"not_picked":["Runic Pyramid","Cursed Key"],"picked":"Orrery"}],"potions_floor_spawned":[5,11,13,16,20,25,28,33,39,45],"seed_played":"2494023589607839401","killed_by":"Awakened One","ascension_level":0,"is_trial":false}