{"path_per_floor":["M","$","?","$","M","E","R","E","T","?","M","M","?","$","R","B",null,"M","?","?","?","M","R","?","M","T","R","M","M","R","M","R"],"character_chosen":"THE_SILENT","items_purchased":["Jack Of All Trades"],"gold_per_floor":[112,37,37,37,55,89,89,118,118,118,132,147,209,8,8,104,104,72,72,72,42,54,54,54,74,100,100,115,135,135,151,151,151],"floor_reached":33,"campfire_rested":6,"playtime":2837,"current_hp_per_floor":[68,68,68,68,67,40,61,53,53,53,55,48,29,29,50,23,70,42,42,42,42,39,60,60,6,6,27,13,6,27,8,29,0],"items_purged":["Strike_G","Strike_G"],"gold":151,"score":255,"play_id":"d8cb4b03-28f4-4495-9a4a-aee49a00a27f","local_time":"20180401225911","is_prod":false,"is_daily":false,"is_ascension_mode":false,"campfire_upgraded":0,"timestamp":1522637951,"path_taken":["M","$","?","?","M","E","R","E","T","?","?","M","?","?","R","BOSS","M","?","?","?","M","R","?","M","T","R","?","?","R","M","R","BOSS"],"build_version":"2018-03-29v2","purchased_purges":2,"victory":false,"master_deck":["Defend_G+1","Defend_G+1","Defend_G+1","Defend_G+1","Defend_G+1","Strike_G+1","Strike_G+1","Strike_G+1","Survivor","Neutralize","Catalyst","Adrenaline","Crippling Poison","Flying Knee","Poisoned Stab","Regret","Distraction","Prepared","Poisoned Stab","Jack Of All Trades","Envenom","Distraction+1","Endless Agony+1","Deflect+1","Distraction+1","Outmaneuver+1"],"max_hp_per_floor":[70,70,70,70,70,70,70,70,70,70,70,70,70,70,70,70,70,70,70,70,70,70,70,70,70,70,70,70,70,70,70,70,70],"relics":["Ring of the Snake","Bag of Preparation","Calipers","Blood Vial","Happy Flower","Du-Vu Doll","The Specimen","Omamori"],"card_choices":[{"not_picked":["Leg Sweep","Cloak And Dagger"],"picked":"Catalyst","floor":0},{"not_picked":["Flechettes","Dodge and Roll"],"picked":"Adrenaline","floor":1},{"not_picked":["Malaise","Infinite Blades"],"picked":"Crippling Poison","floor":5},{"not_picked":["Sucker Punch","Acrobatics"],"picked":"Flying Knee","floor":6},{"not_picked":["Dagger Throw","Escape Plan"],"picked":"Poisoned Stab","floor":8},{"not_picked":["PiercingWail","Predator"],"picked":"Distraction","floor":11},{"not_picked":["Acrobatics","Quick Slash"],"picked":"Prepared","floor":12},{"not_picked":["Malaise","Deflect"],"picked":"Poisoned Stab","floor":13},{"not_picked":["A Thousand Cuts","Storm of Steel"],"picked":"Envenom","floor":16},{"not_picked":["Blade Dance","Backflip"],"picked":"Distraction","floor":18},{"not_picked":["Dagger Spray","Quick Slash"],"picked":"Endless Agony","floor":22},{"not_picked":["Poisoned Stab","Bane"],"picked":"Deflect","floor":25},{"not_picked":["Choke","Calculated Gamble"],"picked":"Distraction","floor":29},{"not_picked":["Slice","Bane"],"picked":"Outmaneuver","floor":31}],"player_experience":87001,"potions_floor_usage":[6,8,13,16,22,25,31,31,33,33],"damage_taken":[{"damage":2,"enemies":"Cultist","floor":1,"turns":6},{"damage":1,"enemies":"Jaw Worm","floor":5,"turns":6},{"damage":42,"enemies":"3 Sentries","floor":6,"turns":17},{"damage":8,"enemies":"Lagavulin","floor":8,"turns":5},{"damage":0,"enemies":"2 Louse","floor":11,"turns":2},{"damage":9,"enemies":"Exordium Thugs","floor":12,"turns":4},{"damage":21,"enemies":"3 Sentries","floor":13,"turns":7},{"damage":44,"enemies":"The Guardian","floor":16,"turns":10},{"damage":28,"enemies":"2 Thieves","floor":18,"turns":5},{"damage":5,"enemies":"Shell Parasite","floor":22,"turns":4},{"damage":56,"enemies":"Cultist and Chosen","floor":25,"turns":5},{"damage":16,"enemies":"Chosen and Byrds","floor":28,"turns":7},{"damage":9,"enemies":"Sentry and Sphere","floor":29,"turns":6},{"damage":21,"enemies":"Snake Plant","floor":31,"turns":5},{"damage":48,"enemies":"Champ","floor":33,"turns":12}],"event_choices":[{"event_name":"The Cleric","player_choice":"Leave","floor":3,"damage_taken":0},{"event_name":"Big Fish","player_choice":"Box","floor":10,"damage_taken":0},{"event_name":"Dead Adventurer","player_choice":"Searched \u00272\u0027 times","floor":13,"damage_taken":0},{"event_name":"Ghosts","player_choice":"Ignored","floor":19,"damage_taken":0},{"event_name":"Addict","player_choice":"Ignored","floor":20,"damage_taken":0},{"event_name":"The Woman in Blue","player_choice":"Bought 2 Potions","floor":21,"damage_taken":0},{"event_name":"Back to Basics","player_choice":"Simplicity","floor":24,"damage_taken":0}],"boss_relics":[{"not_picked":["Orrery","Runic Pyramid"],"picked":"The Specimen"}],"potions_floor_spawned":[1,6,12,13,16,29,31],"seed_played":"5552927333959486698","killed_by":"Champ","ascension_level":0,"is_trial":false}