{"path_per_floor":["M","M","M","M","M","?","R","M","T","E","?","M","R","M","R","B",null,"M","$","?","T","M","E","R","M","T","?","?","M","R","M","R"],"character_chosen":"THE_SILENT","items_purchased":["Mummified Hand","Whetstone","Backstab"],"gold_per_floor":[116,133,150,166,183,183,183,206,206,250,250,265,265,289,289,417,417,438,7,7,7,25,63,63,77,77,77,77,90,90,100,100,100],"floor_reached":33,"campfire_rested":5,"playtime":2421,"current_hp_per_floor":[69,69,68,57,39,39,60,42,42,37,54,47,47,47,68,32,70,66,66,66,66,39,8,39,22,22,22,22,19,52,42,70,0],"items_purged":[],"gold":100,"score":297,"play_id":"df4d5516-9432-43d4-bed2-b475326c9302","local_time":"20180401180858","is_prod":false,"is_daily":false,"is_ascension_mode":false,"campfire_upgraded":1,"timestamp":1522620538,"path_taken":["M","?","M","?","M","?","R","?","T","E","?","?","R","M","R","BOSS","M","$","?","?","?","E","R","M","T","?","?","?","R","M","R","BOSS"],"build_version":"2018-03-29v2","purchased_purges":1,"victory":false,"master_deck":["Defend_G","Defend_G","Defend_G","Defend_G","Defend_G","Strike_G","Strike_G+1","Strike_G","Strike_G","Strike_G+1","Survivor","Neutralize","Clumsy","Deadly Poison","Dagger Throw","Deadly Poison","Backflip","Deflect","Injury","Skewer","Distraction+1","Parasite","Deadly Poison","Deadly Poison","Corpse Explosion","Dagger Spray+1","Backstab","Slice+1","Poisoned Stab","Backstab","Outmaneuver","Deflect"],"max_hp_per_floor":[70,70,70,70,70,70,70,70,70,70,70,70,70,70,70,70,70,70,70,70,70,70,70,70,70,70,70,70,70,70,70,70,70],"relics":["Ring of the Snake","Du-Vu Doll","Bloody Idol","Bag of Preparation","Centennial Puzzle","Eternal Feather","Mummified Hand","Whetstone","Torii","Ninja Scroll","Omamori"],"card_choices":[{"not_picked":["Dagger Throw","Flechettes"],"picked":"Deadly Poison","floor":1},{"not_picked":["Finisher","Quick Slash"],"picked":"Dagger Throw","floor":2},{"not_picked":["Slice","Choke"],"picked":"Deadly Poison","floor":3},{"not_picked":["Sucker Punch","Dagger Throw"],"picked":"Backflip","floor":4},{"not_picked":["Infinite Blades","Malaise"],"picked":"Deflect","floor":5},{"not_picked":["Flying Knee","Dagger Throw"],"picked":"Skewer","floor":8},{"not_picked":["A Thousand Cuts","Slice"],"picked":"Distraction","floor":10},{"not_picked":["Sucker Punch","Expertise"],"picked":"Deadly Poison","floor":12},{"not_picked":["Cloak And Dagger","Sucker Punch"],"picked":"Deadly Poison","floor":14},{"not_picked":["Envenom","After Image"],"picked":"Corpse Explosion","floor":16},{"not_picked":["Backflip","Slice"],"picked":"Dagger Spray","floor":18},{"not_picked":["Backflip","Dagger Spray"],"picked":"Slice","floor":22},{"not_picked":["Sucker Punch","Expertise"],"picked":"Poisoned Stab","floor":23},{"not_picked":["Bane","Footwork"],"picked":"Backstab","floor":25},{"not_picked":["Reflex","Slice"],"picked":"Outmaneuver","floor":29},{"not_picked":["Quick Slash","Backflip"],"picked":"Deflect","floor":31}],"player_experience":74178,"potions_floor_usage":[4,10,10,16,18,23],"damage_taken":[{"damage":1,"enemies":"Cultist","floor":1,"turns":5},{"damage":0,"enemies":"2 Louse","floor":2,"turns":3},{"damage":1,"enemies":"Jaw Worm","floor":3,"turns":6},{"damage":11,"enemies":"Exordium Thugs","floor":4,"turns":6},{"damage":18,"enemies":"Large Slime","floor":5,"turns":9},{"damage":18,"enemies":"Lots of Slimes","floor":8,"turns":5},{"damage":5,"enemies":"Lagavulin","floor":10,"turns":5},{"damage":7,"enemies":"Looter","floor":12,"turns":2},{"damage":0,"enemies":"Exordium Wildlife","floor":14,"turns":5},{"damage":36,"enemies":"Slime Boss","floor":16,"turns":11},{"damage":4,"enemies":"Shell Parasite","floor":18,"turns":5},{"damage":27,"enemies":"Chosen","floor":22,"turns":4},{"damage":46,"enemies":"Book of Stabbing","floor":23,"turns":7},{"damage":17,"enemies":"Sentry and Sphere","floor":25,"turns":4},{"damage":8,"enemies":"Centurion and Healer","floor":29,"turns":5},{"damage":15,"enemies":"Snake Plant","floor":31,"turns":4},{"damage":72,"enemies":"Automaton","floor":33,"turns":6}],"event_choices":[{"event_name":"Golden Idol","player_choice":"Take Wound","floor":6,"damage_taken":0},{"event_name":"Mushrooms","player_choice":"Healed and dodged fight","floor":11,"damage_taken":0},{"event_name":"Beggar","player_choice":"Ignored","floor":20,"damage_taken":0},{"event_name":"Forgotten Altar","player_choice":"Gave Idol","floor":27,"damage_taken":0},{"event_name":"Addict","player_choice":"Ignored","floor":28,"damage_taken":0}],"boss_relics":[{"not_picked":["Lizard Tail","Cursed Key"],"picked":"Eternal Feather"}],"potions_floor_spawned":[3,4,8,10,16,18,23],"seed_played":"3760143987258612239","killed_by":"Automaton","ascension_level":0,"is_trial":false}