{"path_per_floor":["M","?","M","M","?","E","?","R","T","M","M","M","?","M","R","B",null,"M","$","?","M","?"],"character_chosen":"THE_SILENT","items_purchased":["Matryoshka","Enlightenment"],"gold_per_floor":[141,216,233,244,244,269,269,269,269,284,303,322,322,338,338,433,433,450,5,5,23,23,23],"floor_reached":23,"campfire_rested":1,"playtime":2196,"current_hp_per_floor":[74,63,58,58,58,44,44,44,51,51,37,35,19,13,37,18,82,39,39,39,22,22,0],"items_purged":[],"gold":23,"score":193,"play_id":"47416c5d-8461-42f2-aea5-f82e2518cbb9","local_time":"20180329205953","is_prod":false,"is_daily":false,"is_ascension_mode":false,"campfire_upgraded":1,"timestamp":1522371593,"path_taken":["M","?","M","M","?","E","?","R","T","M","M","M","?","?","R","BOSS","M","$","?","M","?","E"],"build_version":"2018-03-22v2","purchased_purges":1,"victory":false,"master_deck":["Defend_G","Defend_G","Defend_G","Defend_G","Defend_G","Strike_G","Strike_G","Strike_G+1","Strike_G","Strike_G","Survivor","Neutralize","Flying Knee+1","Footwork+1","Deadly Poison","Outmaneuver+1","Endless Agony","Skewer+1","Backflip","Caltrops","Bullet Time","Masterful Stab+1","Enlightenment","Acrobatics"],"max_hp_per_floor":[75,75,75,75,75,75,75,75,82,82,82,82,82,82,82,82,82,82,82,82,82,82,82],"relics":["Tiny House","Calipers","Strawberry","Black Star","Matryoshka"],"card_choices":[{"not_picked":["Masterful Stab","Prepared"],"picked":"Flying Knee","floor":0},{"not_picked":["Prepared","Calculated Gamble"],"picked":"Footwork","floor":1},{"not_picked":["Riddle With Holes","Bullet Time"],"picked":"Deadly Poison","floor":3},{"not_picked":["Deadly Poison","Flechettes"],"picked":"Outmaneuver","floor":4},{"not_picked":["Leg Sweep","Dagger Spray"],"picked":"Endless Agony","floor":6},{"not_picked":["Underhanded Strike","Choke"],"picked":"Skewer","floor":10},{"not_picked":["Finisher","Acrobatics"],"picked":"Backflip","floor":11},{"not_picked":["Finisher","Heel Hook"],"picked":"Caltrops","floor":12},{"not_picked":["Doppelganger","Glass Knife"],"picked":"Bullet Time","floor":16},{"not_picked":["Deflect","Well Laid Plans"],"picked":"Masterful Stab","floor":18},{"not_picked":["Malaise","Expertise"],"picked":"Acrobatics","floor":21}],"player_experience":19758,"potions_floor_usage":[6,6,16,16,21,23],"damage_taken":[{"damage":1,"enemies":"Jaw Worm","floor":1,"turns":4},{"damage":5,"enemies":"Small Slimes","floor":3,"turns":4},{"damage":0,"enemies":"Cultist","floor":4,"turns":4},{"damage":29,"enemies":"Lagavulin","floor":6,"turns":10},{"damage":0,"enemies":"Exordium Wildlife","floor":10,"turns":5},{"damage":14,"enemies":"Exordium Thugs","floor":11,"turns":6},{"damage":2,"enemies":"Blue Slaver","floor":12,"turns":5},{"damage":6,"enemies":"Looter","floor":14,"turns":4},{"damage":19,"enemies":"Slime Boss","floor":16,"turns":8},{"damage":43,"enemies":"Chosen","floor":18,"turns":7},{"damage":17,"enemies":"3 Byrds","floor":21,"turns":8},{"damage":23,"enemies":"Book of Stabbing","floor":23,"turns":4}],"event_choices":[{"event_name":"World of Goop","player_choice":"Gather Gold","floor":2,"damage_taken":0},{"event_name":"Upgrade Shrine","player_choice":"Upgraded","floor":5,"damage_taken":0},{"event_name":"Golden Wing","player_choice":"Ignored","floor":7,"damage_taken":0},{"event_name":"Shining Light","player_choice":"Entered Light","floor":13,"damage_taken":0},{"event_name":"Beggar","player_choice":"Ignored","floor":20,"damage_taken":0},{"event_name":"Addict","player_choice":"Ignored","floor":22,"damage_taken":0}],"boss_relics":[{"not_picked":["Astrolabe","Orrery"],"picked":"Black Star"}],"potions_floor_spawned":[1,11,14,16,18],"seed_played":"-3111676721370167838","killed_by":"Book of Stabbing","ascension_level":0,"is_trial":false}