{"path_per_floor":["M","?","M","M","?","E","R","E","T","R","?","?","M","$","R","B",null,"M","M","?","M","$","R","E","?","T","R","E","M","M","?","R","B",null,"M","M","$","M","$","E","T","R","T","?","R","$","M","M","R","B"],"character_chosen":"THE_SILENT","items_purchased":["Ninja Scroll","Noxious Fumes","Apotheosis","Cloak And Dagger","Backstab","Gremlin Horn"],"gold_per_floor":[112,112,128,143,318,350,350,378,378,378,378,378,389,53,53,149,179,165,185,235,254,67,67,94,364,364,364,393,404,417,417,417,520,520,534,553,383,393,53,84,84,84,138,138,138,13,26,44,44,44],"floor_reached":51,"campfire_rested":5,"playtime":4112,"current_hp_per_floor":[76,76,76,76,76,58,58,42,42,65,50,50,50,50,50,47,82,75,67,67,66,66,66,64,24,24,48,53,53,46,46,70,44,82,82,71,71,71,71,62,62,62,62,52,78,78,75,77,90,67],"items_purged":["Regret","Decay","Doubt"],"gold":44,"score":748,"play_id":"c521338e-1c3b-4d39-a5da-a0213ab71357","local_time":"20180404130334","is_prod":false,"is_daily":false,"is_ascension_mode":false,"campfire_upgraded":3,"timestamp":1522861414,"path_taken":["M","?","M","M","?","E","R","E","T","R","?","?","M","$","R","BOSS","M","?","?","M","$","R","E","?","T","R","E","M","M","?","R","BOSS","M","M","$","M","$","E","?","R","T","?","R","$","M","M","R","BOSS"],"build_version":"2018-03-29v2","purchased_purges":3,"victory":true,"master_deck":["Defend_G","Defend_G","Defend_G+1","Defend_G+1","Defend_G","Strike_G+1","Strike_G","Strike_G","Strike_G","Strike_G","Survivor","Neutralize","Poisoned Stab","Bouncing Flask+1","Die Die Die","Deadly Poison","Venomology","Cloak And Dagger+1","Noxious Fumes","Die Die Die","Terror","Blur+1","Adrenaline","Prepared","Apotheosis+1","Malaise+1","Madness","Distraction","Prepared","Burst","Parasite","Decay","Blade Dance+1","Cloak And Dagger","Backstab","Slice+1","Concentrate+1","Madness","Madness"],"max_hp_per_floor":[77,77,77,77,77,77,77,77,77,77,77,77,77,77,77,77,82,82,82,82,82,82,82,82,82,82,82,82,82,82,82,82,82,82,82,82,82,82,82,82,82,82,82,82,84,84,86,88,90,90],"relics":["Ring of the Snake","Tingsha","Meat on the Bone","Bag of Marbles","Kunai","Oddly Smooth Stone","Ninja Scroll","Tiny House","Girya","Gambling Chip","Letter Opener","Calling Bell","Shuriken","Paper Crane","Anchor","Gremlin Horn","Dream Catcher","Unceasing Top","Singing Bowl"],"card_choices":[{"not_picked":["Deadly Poison","Quick Slash"],"picked":"Poisoned Stab","floor":1.0},{"not_picked":["Dagger Spray","Cloak And Dagger"],"picked":"Bouncing Flask","floor":3.0},{"not_picked":["Dagger Spray","Deadly Poison"],"picked":"Die Die Die","floor":4.0},{"not_picked":["After Image","Well Laid Plans"],"picked":"Deadly Poison","floor":6.0},{"not_picked":["Skewer","Predator"],"picked":"Venomology","floor":8.0},{"not_picked":["Deflect","Skewer"],"picked":"Cloak And Dagger","floor":13.0},{"not_picked":["Glass Knife","Corpse Explosion"],"picked":"Die Die Die","floor":16.0},{"not_picked":["Dagger Throw","Slice"],"picked":"Terror","floor":17.0},{"not_picked":["Concentrate","Underhanded Strike"],"picked":"Blur","floor":18.0},{"not_picked":["Leg Sweep","Expertise"],"picked":"Adrenaline","floor":19.0},{"not_picked":["Acrobatics","Underhanded Strike"],"picked":"Prepared","floor":21.0},{"not_picked":["Calculated Gamble","Deadly Poison"],"picked":"Malaise","floor":24.0},{"not_picked":["Dash","Dagger Spray"],"picked":"Distraction","floor":28.0},{"not_picked":["Cloak And Dagger","Slice"],"picked":"Prepared","floor":30.0},{"not_picked":["Doppelganger","Wraith Form"],"picked":"Burst","floor":33},{"not_picked":["Malaise","Endless Agony"],"picked":"Blade Dance","floor":35},{"not_picked":["Quick Slash","Setup"],"picked":"Slice","floor":38},{"not_picked":["Wraith Form","Quick Slash"],"picked":"Concentrate","floor":40}],"player_experience":121393,"potions_floor_usage":[33,33,33,33,38,38,40,50,50,50,50],"damage_taken":[{"damage":1.0,"enemies":"Jaw Worm","floor":1.0,"turns":8.0},{"damage":0.0,"enemies":"Cultist","floor":3.0,"turns":4.0},{"damage":0.0,"enemies":"Small Slimes","floor":4.0,"turns":3.0},{"damage":18.0,"enemies":"Gremlin Nob","floor":6.0,"turns":4.0},{"damage":16.0,"enemies":"Lagavulin","floor":8.0,"turns":6.0},{"damage":0.0,"enemies":"3 Louse","floor":13.0,"turns":3.0},{"damage":15.0,"enemies":"Slime Boss","floor":16.0,"turns":9.0},{"damage":7.0,"enemies":"2 Thieves","floor":18.0,"turns":4.0},{"damage":8.0,"enemies":"Spheric Guardian","floor":19.0,"turns":5.0},{"damage":1.0,"enemies":"Snake Plant","floor":21.0,"turns":4.0},{"damage":8.0,"enemies":"Slavers","floor":24.0,"turns":4.0},{"damage":19.0,"enemies":"Gremlin Leader","floor":28.0,"turns":5.0},{"damage":0.0,"enemies":"Slaver and Parasite","floor":29.0,"turns":5.0},{"damage":19.0,"enemies":"Centurion and Healer","floor":30.0,"turns":5.0},{"damage":38,"enemies":"Automaton","floor":33,"turns":10},{"damage":0,"enemies":"Orb Walker","floor":35,"turns":3},{"damage":11,"enemies":"3 Darklings","floor":36,"turns":6},{"damage":9,"enemies":"Sphere and 2 Shapes","floor":38,"turns":6},{"damage":9,"enemies":"Giant Head","floor":40,"turns":7},{"damage":5,"enemies":"Maw","floor":47,"turns":6},{"damage":0,"enemies":"4 Shapes","floor":48,"turns":1},{"damage":37,"enemies":"Awakened One","floor":50,"turns":14}],"event_choices":[{"event_name":"Accursed Blacksmith","player_choice":"Rummage","floor":2.0,"damage_taken":0.0},{"event_name":"Liars Game","player_choice":"agreed","floor":5.0,"damage_taken":0.0},{"event_name":"Shining Light","player_choice":"Entered Light","floor":11.0,"damage_taken":0.0},{"event_name":"Wheel of Change","player_choice":"Relic","floor":12.0,"damage_taken":0.0},{"event_name":"The Joust","player_choice":"Bet on Murderer","floor":20.0,"damage_taken":0.0},{"event_name":"Knowing Skull","player_choice":"GOLD CARD GOLD GOLD ","floor":25.0,"damage_taken":0.0},{"event_name":"Forgotten Altar","player_choice":"Smashed Altar","floor":31.0,"damage_taken":0.0},{"event_name":"Winding Halls","player_choice":"Embrace Madness","floor":44,"damage_taken":0}],"boss_relics":[{"not_picked":["Velvet Choker","Sozu"],"picked":"Calling Bell"}],"potions_floor_spawned":[4,13,18,21,30,36,38,47],"seed_played":"5358601365035645176","ascension_level":0,"is_trial":false}