{"path_per_floor":["M","M","?","M","M","E","$","M","T","R","E","?","?","M","R","B",null,"M","?","?","M","?","M","M","R","T","R","?","$","E"],"character_chosen":"IRONCLAD","items_purchased":["Finesse","Anchor"],"gold_per_floor":[114,131,131,144,162,192,92,107,107,107,134,134,134,151,151,250,250,266,266,181,194,194,205,221,221,248,248,248,16,43],"floor_reached":31,"campfire_rested":4,"playtime":4348,"current_hp_per_floor":[79,80,80,80,44,25,25,25,25,49,34,34,34,36,60,12,80,60,60,60,49,49,32,17,41,41,65,65,65,16],"items_purged":["Reckless Charge"],"gold":43,"play_id":"7dc1294c-6d20-4250-ae32-a4dc2907c79f","is_prod":false,"is_daily":false,"campfire_rituals":0,"campfire_upgraded":0,"is_hardmode":false,"path_taken":["M","M","?","M","M","E","$","M","T","R","E","?","?","M","R","BOSS","M","?","?","M","?","M","M","R","T","R","?","?","E","M"],"build_version":"2018-01-11-PROD2","purchased_purges":1,"victory":false,"master_deck":["Strike_R","Strike_R","Strike_R","Defend_R","Defend_R","Bash","Pommel Strike","Rampage","Flex","Iron Wave","Finesse","Twin Strike","Offering","Seeing Red","Impervious","Anger","Hemokinesis","Second Wind","Whirlwind","Shrug It Off","Clash","Warcry","Headbutt","Anger"],"max_hp_per_floor":[80,80,80,80,80,80,80,80,80,80,80,80,80,80,80,80,80,80,80,80,80,80,80,80,80,80,80,80,80,80],"relics":["Burning Blood","Girya","War Paint","Juzu Bracelet","Astrolabe","Shuriken","Bag of Marbles","Dream Catcher","Anchor","Lantern"],"campfire_meditates":0,"card_choices":[{"not_picked":["Rampage","Whirlwind"],"picked":"Pommel Strike"},{"not_picked":["Sword Boomerang","Body Slam"],"picked":"Rampage"},{"not_picked":["Headbutt","True Grit"],"picked":"Flex"},{"not_picked":["Flex","Pummel"],"picked":"Iron Wave"},{"not_picked":["Dual Wield","Rampage"],"picked":"Reckless Charge"},{"not_picked":["Reckless Charge","Infernal Blade"],"picked":"Twin Strike"},{"not_picked":["Iron Wave","Battle Trance"],"picked":"Offering"},{"not_picked":["Flame Barrier","Anger"],"picked":"Seeing Red"},{"not_picked":["Reaper","Feed"],"picked":"Impervious"},{"not_picked":["Flex","Headbutt"],"picked":"Whirlwind"},{"not_picked":["Dual Wield","Dropkick"],"picked":"Shrug It Off"},{"not_picked":["Bloodletting","Flex"],"picked":"Clash"},{"not_picked":["Dual Wield","Iron Wave"],"picked":"Warcry"},{"not_picked":["Burning Pact","True Grit"],"picked":"Headbutt"},{"not_picked":["Clash","Burning Pact"],"picked":"Anger"}],"player_experience":0,"potions_floor_usage":[16,16,31],"damage_taken":[{"damage":7,"enemies":"2 Louse","floor":1,"turns":3},{"damage":0,"enemies":"Small Slimes","floor":2,"turns":3},{"damage":1,"enemies":"Jaw Worm","floor":4,"turns":3},{"damage":42,"enemies":"Gremlin Gang","floor":5,"turns":5},{"damage":25,"enemies":"3 Sentries","floor":6,"turns":7},{"damage":6,"enemies":"Red Slaver","floor":8,"turns":3},{"damage":21,"enemies":"Lagavulin","floor":11,"turns":5},{"damage":4,"enemies":"Large Slime","floor":14,"turns":4},{"damage":54,"enemies":"The Guardian","floor":16,"turns":10},{"damage":26,"enemies":"Spheric Guardian","floor":18,"turns":4},{"damage":17,"enemies":"Shell Parasite","floor":21,"turns":5},{"damage":23,"enemies":"Centurion and Healer","floor":23,"turns":5},{"damage":21,"enemies":"Snake Plant","floor":24,"turns":3},{"damage":55,"enemies":"Gremlin Leader","floor":30,"turns":6},{"damage":21,"enemies":"Snecko","floor":31,"turns":4}],"event_choices":[{"event_name":"Liars Game","player_choice":"disagreed","floor":3,"damage_taken":0},{"event_name":"Accursed Blacksmith","player_choice":"Forge","floor":12,"damage_taken":0},{"event_name":"Purifier","player_choice":"One Purge","floor":13,"damage_taken":0},{"event_name":"Vampires","player_choice":"Ignored","floor":19,"damage_taken":0},{"event_name":"Addict","player_choice":"Obtained Relic","floor":20,"damage_taken":0},{"event_name":"The Mausoleum","player_choice":"Yes","floor":22,"damage_taken":0},{"event_name":"Back to Basics","player_choice":"Simplicity","floor":28,"damage_taken":0}],"boss_relics":[{"not_picked":["Calling Bell","Lizard Tail"],"picked":"Astrolabe"}],"potions_floor_spawned":[1,2,14,16,23,30],"seed_played":"7542644084367431212","killed_by":"Snecko","is_trial":false}