{"path_per_floor":["M","M","?","?","M","R","E","R","T","M","M","M","?","E","R","B",null,"M","M","?","?","M","E","R","M","T","E","R","$","E","M","R","B",null,"M","?","M","$","?","E","R","M","T","M","M","E","R","M","R","B"],"character_chosen":"IRONCLAD","items_purchased":["Fire Breathing","Apotheosis","Panacea"],"gold_per_floor":[18,35,35,35,45,45,74,74,74,91,105,117,178,210,210,305,305,319,338,338,253,270,298,298,314,314,346,346,270,304,316,316,418,418,434,434,445,89,89,151,151,167,167,180,191,220,220,231,231,231],"floor_reached":51,"campfire_rested":4,"playtime":6506,"current_hp_per_floor":[80,80,80,73,72,72,17,41,41,45,49,55,51,53,53,51,80,80,80,80,90,79,58,58,53,53,15,42,42,48,56,56,57,90,90,90,90,90,80,67,90,90,90,81,83,83,90,90,90,32],"items_purged":["Armaments"],"gold":231,"play_id":"cadc7df0-6873-49b8-a0cd-eea10afa8c8d","is_prod":false,"is_daily":false,"campfire_rituals":0,"campfire_upgraded":2,"is_hardmode":false,"path_taken":["M","M","?","?","M","R","E","R","T","M","M","M","?","E","R","BOSS","M","M","?","?","M","E","R","?","T","E","R","$","E","?","R","BOSS","M","?","M","$","?","E","R","M","T","?","M","E","R","M","R","BOSS"],"build_version":"2018-01-18-PROD4","purchased_purges":1,"victory":true,"master_deck":["Strike_R","Strike_R","Strike_R","Strike_R","Defend_R","Defend_R","Defend_R","Defend_R","Cleave","Pommel Strike","Pommel Strike","Pommel Strike","Shrug It Off","Offering","Disarm","Flex","Brutality","Anger","Iron Wave","Bloodletting","Body Slam","Rupture","Fire Breathing","Barricade","Demon Form","Clothesline","Apotheosis","Panacea","Madness","Madness","Shrug It Off","Thunderclap","Heavy Blade","Rupture","Flex"],"max_hp_per_floor":[80,80,80,80,80,80,80,80,80,80,80,80,80,80,80,80,80,80,80,80,90,90,90,90,90,90,90,90,90,90,90,90,90,90,90,90,90,90,90,90,90,90,90,90,90,90,90,90,90,90],"relics":["Burning Blood","Anchor","Mummified Hand","Girya","Oddly Smooth Stone","War Paint","Black Star","Pear","Dream Catcher","Happy Flower","Gambling Chip","Bird Faced Urn","Frozen Eye","Prayer Wheel","Whetstone","Sozu","Tiny Chest","Toxic Egg","Matryoshka","Torii","Champion Belt"],"campfire_meditates":0,"card_choices":[{"not_picked":["Infernal Blade","Body Slam"],"picked":"Pommel Strike"},{"not_picked":["Flex","Thunderclap"],"picked":"Pommel Strike"},{"not_picked":["Feel No Pain","Body Slam"],"picked":"Shrug It Off"},{"not_picked":["Body Slam","Clash"],"picked":"Offering"},{"not_picked":["Burning Pact","Pommel Strike"],"picked":"Disarm"},{"not_picked":["Rage","Body Slam"],"picked":"Flex"},{"not_picked":["Dark Embrace","Reaper"],"picked":"Brutality"},{"not_picked":["Flex","Metallicize"],"picked":"Anger"},{"not_picked":["Whirlwind","Warcry"],"picked":"Iron Wave"},{"not_picked":["Battle Trance","Thunderclap"],"picked":"Bloodletting"},{"not_picked":["Heavy Blade","Perfected Strike"],"picked":"Body Slam"},{"not_picked":["Anger","Cleave"],"picked":"Rupture"},{"not_picked":["Bloodletting","Whirlwind"],"picked":"Armaments"},{"not_picked":["Clothesline","Body Slam"],"picked":"Barricade"},{"not_picked":["Brutality","Barricade"],"picked":"Demon Form"},{"not_picked":["Cleave","Pommel Strike"],"picked":"Warcry"},{"not_picked":["Clash","Inflame"],"picked":"Clothesline"},{"not_picked":["Feed","True Grit"],"picked":"Shrug It Off"},{"not_picked":["Cleave","Warcry"],"picked":"Thunderclap"},{"not_picked":["Anger","Infernal Blade"],"picked":"Heavy Blade"},{"not_picked":["Thunderclap","Clash"],"picked":"Rupture"},{"not_picked":["Whirlwind","Thunderclap"],"picked":"Flex"}],"player_experience":51174,"potions_floor_usage":[12,14,18,22,25,27],"damage_taken":[{"damage":4,"enemies":"Cultist","floor":1,"turns":4},{"damage":0,"enemies":"Small Slimes","floor":2,"turns":2},{"damage":7,"enemies":"Blue Slaver","floor":5,"turns":5},{"damage":61,"enemies":"Gremlin Nob","floor":7,"turns":6},{"damage":2,"enemies":"2 Fungi Beasts","floor":10,"turns":4},{"damage":2,"enemies":"Large Slime","floor":11,"turns":6},{"damage":0,"enemies":"Gremlin Gang","floor":12,"turns":5},{"damage":10,"enemies":"3 Sentries","floor":13,"turns":7},{"damage":4,"enemies":"3 Sentries","floor":14,"turns":4},{"damage":8,"enemies":"The Guardian","floor":16,"turns":13},{"damage":4,"enemies":"Chosen","floor":18,"turns":4},{"damage":4,"enemies":"Spheric Guardian","floor":19,"turns":3},{"damage":17,"enemies":"Centurion and Healer","floor":22,"turns":4},{"damage":27,"enemies":"Book of Stabbing","floor":23,"turns":6},{"damage":11,"enemies":"Snecko","floor":25,"turns":5},{"damage":44,"enemies":"Slavers","floor":27,"turns":7},{"damage":6,"enemies":"Book of Stabbing","floor":30,"turns":4},{"damage":4,"enemies":"Chosen and Byrds","floor":31,"turns":4},{"damage":13,"enemies":"Collector","floor":33,"turns":9},{"damage":7,"enemies":"3 Darklings","floor":35,"turns":4},{"damage":5,"enemies":"Orb Walker","floor":37,"turns":2},{"damage":29,"enemies":"Giant Head","floor":40,"turns":7},{"damage":4,"enemies":"3 Darklings","floor":42,"turns":2},{"damage":25,"enemies":"4 Shapes","floor":44,"turns":5},{"damage":16,"enemies":"Maw","floor":45,"turns":5},{"damage":18,"enemies":"Nemesis","floor":46,"turns":4},{"damage":6,"enemies":"Sphere and 2 Shapes","floor":48,"turns":3},{"damage":76,"enemies":"Awakened One","floor":50,"turns":9}],"event_choices":[{"event_name":"Big Fish","player_choice":"Box","floor":3,"damage_taken":0},{"event_name":"Golden Wing","player_choice":"Card Removal","floor":4,"damage_taken":0},{"event_name":"Dead Adventurer","player_choice":"Searched \u00271\u0027 times","floor":13,"damage_taken":0},{"event_name":"Beggar","player_choice":"Ignored","floor":20,"damage_taken":0},{"event_name":"Addict","player_choice":"Obtained Relic","floor":21,"damage_taken":0},{"event_name":"Winding Halls","player_choice":"Embrace Madness","floor":39,"damage_taken":0}],"boss_relics":[{"not_picked":["Runic Pyramid","Runic Cube"],"picked":"Black Star"},{"not_picked":["Lizard Tail","Snecko Eye"],"picked":"Sozu"}],"potions_floor_spawned":[1,10,11,13,13,19,23,30,31,37,44,45,46],"seed_played":"-725026047262686288","is_trial":false}