{"path_per_floor":["M","M","M","?","M","R","$","?","T","M","E","$","E","T","R","B",null,"M","M","M","M","M","R","E","$","T","R","?","$","E","M","R","B",null,"M","?","?","M","?"],"character_chosen":"IRONCLAD","items_purchased":["Shrug It Off","Ornamental Fan"],"gold_per_floor":[111,128,148,98,112,112,37,212,238,254,285,162,188,215,215,317,317,334,345,363,376,387,387,414,51,78,78,78,78,111,130,130,235,265,281,281,381,395,395],"floor_reached":40,"campfire_rested":3,"playtime":4879,"current_hp_per_floor":[79,79,78,78,74,74,74,74,74,64,30,30,26,26,65,11,80,80,80,70,42,28,67,34,34,34,73,73,73,54,62,62,10,85,85,85,85,85,85],"items_purged":["Strike_R","Strike_R","Doubt"],"gold":395,"play_id":"a7868aa2-c889-4706-82f7-b6167ee8ab85","is_prod":false,"is_daily":false,"is_ascension_mode":true,"campfire_upgraded":2,"path_taken":["M","M","M","?","?","R","?","?","T","?","E","?","E","?","R","BOSS","M","M","M","M","M","R","E","$","T","R","?","?","E","M","R","BOSS","M","?","?","M","?","E"],"build_version":"2018-01-29-BETA1","purchased_purges":3,"victory":false,"master_deck":["Strike_R","Defend_R","Defend_R","Bash","True Grit+1","Wild Strike","Shrug It Off","Headbutt","Impervious","Pommel Strike+1","Double Tap+1","Rampage+1","Burning Pact","Flex","Offering","Disarm"],"max_hp_per_floor":[80,80,80,80,80,80,80,80,80,80,80,80,80,80,80,80,80,80,80,80,80,80,80,80,80,80,80,80,80,80,80,80,80,85,85,85,85,85,85],"relics":["Burning Blood","Regal Pillow","Omamori","Prayer Wheel","Bronze Scales","Astrolabe","Anchor","Ornamental Fan","Ancient Tea Set","Bag of Preparation","Bird Faced Urn","Tiny House"],"card_choices":[{"not_picked":["Infernal Blade","Armaments"],"picked":"Feel No Pain"},{"not_picked":["Clash","Uppercut"],"picked":"True Grit"},{"not_picked":["Pommel Strike","Berserk"],"picked":"Wild Strike"},{"not_picked":["Infernal Blade","Sword Boomerang"],"picked":"Headbutt"},{"not_picked":["Double Tap","Demon Form"],"picked":"Impervious"},{"not_picked":["Rage","Warcry"],"picked":"Burning Pact"},{"not_picked":["Armaments","Infernal Blade"],"picked":"Flex"},{"not_picked":["Barricade","Limit Break"],"picked":"Offering"},{"not_picked":["Cleave","True Grit"],"picked":"Disarm"}],"player_experience":50820,"potions_floor_usage":[24,30,33,40,40,40],"damage_taken":[{"damage":7.0,"enemies":"Small Slimes","floor":1.0,"turns":5.0},{"damage":6.0,"enemies":"Jaw Worm","floor":2.0,"turns":5.0},{"damage":7.0,"enemies":"2 Louse","floor":3.0,"turns":4.0},{"damage":10.0,"enemies":"Gremlin Gang","floor":5.0,"turns":7.0},{"damage":16.0,"enemies":"Lots of Slimes","floor":10.0,"turns":8.0},{"damage":55.0,"enemies":"Gremlin Nob","floor":11.0,"turns":7.0},{"damage":10.0,"enemies":"3 Sentries","floor":13.0,"turns":13.0},{"damage":60.0,"enemies":"The Guardian","floor":16.0,"turns":17.0},{"damage":0.0,"enemies":"Shell Parasite","floor":18.0,"turns":7.0},{"damage":6.0,"enemies":"Chosen","floor":19.0,"turns":7.0},{"damage":16.0,"enemies":"Centurion and Healer","floor":20.0,"turns":6.0},{"damage":34,"enemies":"3 Cultists","floor":21,"turns":6},{"damage":20,"enemies":"Snake Plant","floor":22,"turns":4},{"damage":54,"enemies":"Slavers","floor":24,"turns":8},{"damage":25,"enemies":"Book of Stabbing","floor":30,"turns":6},{"damage":0,"enemies":"Cultist and Chosen","floor":31,"turns":5},{"damage":60,"enemies":"Collector","floor":33,"turns":13},{"damage":4,"enemies":"Orb Walker","floor":35,"turns":2},{"damage":4,"enemies":"Flame Bruiser 1 Orb","floor":38,"turns":5},{"damage":114,"enemies":"Nemesis","floor":40,"turns":12}],"event_choices":[{"event_name":"The Cleric","player_choice":"Card Removal","floor":4.0,"damage_taken":0.0},{"event_name":"Liars Game","player_choice":"agreed","floor":8.0,"damage_taken":0.0},{"event_name":"The Mausoleum","player_choice":"Yes","floor":28,"damage_taken":0},{"event_name":"Winding Halls","player_choice":"Writhe","floor":36,"damage_taken":0},{"event_name":"Golden Shrine","player_choice":"Pray","floor":37,"damage_taken":0}],"boss_relics":[{"not_picked":["Runic Cube","Eternal Feather"],"picked":"Tiny House"}],"potions_floor_spawned":[1,3,11,13,16,22,31,33,38],"seed_played":"-7498225543071075568","killed_by":"Nemesis","ascension_level":1,"is_trial":false}