{"path_per_floor":["M","M","?","M","?","R","E","M","T","?","T","?","R","M","R","B",null,"M","M","M","?","?"],"character_chosen":"IRONCLAD","items_purchased":[],"gold_per_floor":[116,135,135,152,152,152,184,202,226,226,294,244,244,255,255,360,360,370,382,398,398,398],"floor_reached":23,"campfire_rested":1,"playtime":995,"current_hp_per_floor":[77,80,80,77,80,80,62,68,68,35,35,35,59,65,65,38,70,36,15,35,19,19],"items_purged":[],"gold":398,"score":248,"play_id":"a681c2f8-b6fe-4a5b-90f4-6893bcb0d533","is_prod":false,"is_daily":false,"is_ascension_mode":true,"campfire_upgraded":2,"path_taken":["M","M","?","M","?","R","E","M","T","?","?","?","R","M","R","BOSS","M","M","M","?","?","E"],"build_version":"2018-02-08-BETA1","purchased_purges":0,"victory":false,"master_deck":["Strike_R","Strike_R","Strike_R","Defend_R+1","Defend_R","Defend_R+1","Defend_R","Bash+1","Pommel Strike+1","Thunderclap","Whirlwind+1","Spot Weakness","Barricade","Body Slam","Clash","Necronomicurse"],"max_hp_per_floor":[80,80,80,80,80,80,80,80,80,80,80,80,80,80,80,80,80,80,80,80,80,80],"relics":["Burning Blood","War Paint","Anchor","Shuriken","Matryoshka","Lizard Tail","Necronomicon"],"card_choices":[{"not_picked":["Sever Soul","Shrug It Off"],"picked":"Pommel Strike"},{"not_picked":["Pommel Strike","Havoc"],"picked":"Thunderclap"},{"not_picked":["Clash","Heavy Blade"],"picked":"Whirlwind"},{"not_picked":["Whirlwind","Uppercut"],"picked":"Spot Weakness"},{"not_picked":["Reaper","Impervious"],"picked":"Barricade"},{"not_picked":["Clothesline","Perfected Strike"],"picked":"Body Slam"},{"not_picked":["Evolve","Havoc"],"picked":"Clash"}],"player_experience":164392,"potions_floor_usage":[7,14,16,18],"damage_taken":[{"damage":1,"enemies":"Cultist","floor":1,"turns":3},{"damage":0,"enemies":"2 Louse","floor":2,"turns":3},{"damage":9,"enemies":"Blue Slaver","floor":4,"turns":7},{"damage":24,"enemies":"Gremlin Nob","floor":7,"turns":4},{"damage":0,"enemies":"Exordium Wildlife","floor":8,"turns":3},{"damage":0,"enemies":"Lots of Slimes","floor":14,"turns":1},{"damage":42,"enemies":"The Guardian","floor":16,"turns":8},{"damage":40,"enemies":"Chosen","floor":18,"turns":5},{"damage":27,"enemies":"Spheric Guardian","floor":19,"turns":5},{"damage":26,"enemies":"3 Cultists","floor":20,"turns":5},{"damage":24,"enemies":"Slavers","floor":23,"turns":1}],"event_choices":[{"event_name":"Living Wall","player_choice":"Forget","floor":3,"damage_taken":0},{"event_name":"Wheel of Change","player_choice":"Full Heal","floor":5,"damage_taken":0},{"event_name":"Scrap Ooze","player_choice":"success","floor":10,"damage_taken":33},{"event_name":"The Cleric","player_choice":"Card Removal","floor":12,"damage_taken":0},{"event_name":"Cursed Tome","player_choice":"Obtained Book","floor":21,"damage_taken":0},{"event_name":"The Woman in Blue","player_choice":"Bought 0 Potions","floor":22,"damage_taken":0}],"boss_relics":[{"not_picked":["Eternal Feather","Tiny House"],"picked":"Lizard Tail"}],"potions_floor_spawned":[1,4,7,16],"seed_played":"-1641227724939436304","killed_by":"Slavers","ascension_level":6,"is_trial":false}