{"path_per_floor":["M","?","M","M","M","E","$","$","T","R","?","R","M","?","R","B",null,"M","?","?","?","?"],"character_chosen":"IRONCLAD","items_purchased":[],"gold_per_floor":[111,111,128,143,157,185,110,10,57,57,157,157,169,169,169,264,264,277,277,202,202,202],"floor_reached":23,"campfire_rested":1,"playtime":955,"current_hp_per_floor":[78,78,80,80,67,53,53,53,53,53,53,53,59,59,80,23,66,72,57,57,57,57],"items_purged":["Strike_R","Strike_R"],"gold":202,"score":278,"play_id":"386002f3-2d37-4071-a054-dfb3dd54a7dd","is_prod":false,"is_daily":false,"is_ascension_mode":true,"campfire_upgraded":2,"path_taken":["M","?","M","?","?","E","?","$","T","R","?","R","M","?","R","BOSS","M","?","?","?","?","E"],"build_version":"2018-02-14-BETA1","purchased_purges":3,"victory":false,"master_deck":["Defend_R","Defend_R","Defend_R","Bash+1","Headbutt","Iron Wave","Thunderclap","Flex+1","Impervious","Shrug It Off","Clash","Clash","Armaments+1","Bite","Bite","Bite","Bite","Bite"],"max_hp_per_floor":[80,80,80,80,80,80,80,80,80,80,80,80,80,80,80,80,80,80,85,85,85,59],"relics":["Burning Blood","NeowsBlessing","Mummified Hand","Art of War","Orrery"],"card_choices":[{"not_picked":["Havoc","Perfected Strike"],"picked":"Iron Wave"},{"not_picked":["Havoc","Dual Wield"],"picked":"Thunderclap"},{"not_picked":["Dual Wield","Exhume"],"picked":"Flex"},{"not_picked":["Limit Break","Immolate"],"picked":"Impervious"},{"not_picked":["Dual Wield","Second Wind"],"picked":"Shrug It Off"},{"not_picked":["Clothesline","Cleave"],"picked":"Clash"},{"not_picked":["Sword Boomerang","Armaments"],"picked":"Clash"},{"not_picked":["Disarm","Seeing Red"],"picked":"Armaments"}],"player_experience":178927,"potions_floor_usage":[18],"damage_taken":[{"damage":0.0,"enemies":"2 Louse","floor":1.0,"turns":1.0},{"damage":0.0,"enemies":"Cultist","floor":3.0,"turns":1.0},{"damage":0.0,"enemies":"Small Slimes","floor":4.0,"turns":1.0},{"damage":19.0,"enemies":"Red Slaver","floor":5.0,"turns":6.0},{"damage":20.0,"enemies":"Gremlin Nob","floor":6.0,"turns":4.0},{"damage":0.0,"enemies":"2 Fungi Beasts","floor":13.0,"turns":2.0},{"damage":63.0,"enemies":"The Guardian","floor":16.0,"turns":16.0},{"damage":0,"enemies":"Chosen","floor":18,"turns":3},{"damage":83,"enemies":"Gremlin Leader","floor":23,"turns":10}],"event_choices":[{"event_name":"Transmorgrifier","player_choice":"Transform","floor":2.0,"damage_taken":0.0},{"event_name":"Golden Shrine","player_choice":"Pray","floor":11.0,"damage_taken":0.0},{"event_name":"Bonfire Elementals","player_choice":"BASIC","floor":14.0,"damage_taken":0.0},{"event_name":"Forgotten Altar","player_choice":"Shed Blood","floor":19,"damage_taken":0},{"event_name":"Beggar","player_choice":"Gave Gold","floor":20,"damage_taken":0},{"event_name":"The Mausoleum","player_choice":"No","floor":21,"damage_taken":0},{"event_name":"Vampires","player_choice":"Became a vampire","floor":22,"damage_taken":0}],"boss_relics":[],"potions_floor_spawned":[3,5,6,18],"seed_played":"-8936321244869067622","killed_by":"Gremlin Leader","ascension_level":7,"is_trial":false}