{"path_per_floor":["M","M","?","?","M","E","M","R","T","M","?","R","M","M","R","B",null,"M","?"],"character_chosen":"IRONCLAD","items_purchased":[],"gold_per_floor":[214,231,331,331,343,374,389,389,689,708,765,765,781,799,799,894,894,910,825,825],"floor_reached":20,"campfire_rested":2,"playtime":1017,"current_hp_per_floor":[78,80,80,80,80,32,27,51,51,57,54,54,46,44,68,44,71,59,59,0],"items_purged":[],"gold":825,"score":273,"play_id":"1047baa8-e744-4079-86c6-13b334b4eaaa","local_time":"20180327233759","is_prod":false,"is_daily":false,"is_ascension_mode":true,"campfire_upgraded":1,"timestamp":1522208279,"path_taken":["M","M","?","?","M","E","M","R","T","M","?","R","M","M","R","BOSS","M","?","?"],"build_version":"2018-03-25","purchased_purges":0,"victory":false,"master_deck":["Strike_R","Strike_R","Strike_R","Strike_R","Strike_R","Defend_R","Defend_R","Defend_R","Defend_R","Bash","AscendersBane","Shrug It Off","Clash","Trip","Disarm","Clothesline","Headbutt","Demon Form+1","Double Tap"],"max_hp_per_floor":[80,80,80,80,80,80,80,80,80,80,80,80,80,80,80,80,80,80,80,80],"relics":["Burning Blood","Juzu Bracelet","Old Coin","Omamori","Sozu","Oddly Smooth Stone"],"card_choices":[{"not_picked":["Clothesline","Sever Soul"],"picked":"Shrug It Off","floor":1},{"not_picked":["Heavy Blade","Wild Strike"],"picked":"Clash","floor":2},{"not_picked":["Pommel Strike","Heavy Blade"],"picked":"Disarm","floor":5},{"not_picked":["Power Through","Sword Boomerang"],"picked":"Clothesline","floor":6},{"not_picked":["Rage","Hemokinesis"],"picked":"Headbutt","floor":7},{"not_picked":["True Grit","Power Through"],"picked":"Demon Form","floor":10},{"not_picked":["Bludgeon","Dark Embrace"],"picked":"Double Tap","floor":16}],"player_experience":250214,"potions_floor_usage":[11,13,16,20],"damage_taken":[{"damage":0,"enemies":"Small Slimes","floor":1,"turns":4},{"damage":1,"enemies":"Cultist","floor":2,"turns":4},{"damage":2,"enemies":"Jaw Worm","floor":5,"turns":3},{"damage":54,"enemies":"Gremlin Nob","floor":6,"turns":6},{"damage":11,"enemies":"Lots of Slimes","floor":7,"turns":5},{"damage":0,"enemies":"Exordium Wildlife","floor":10,"turns":3},{"damage":21,"enemies":"Lagavulin Event","floor":11,"turns":5},{"damage":14,"enemies":"Exordium Thugs","floor":13,"turns":6},{"damage":8,"enemies":"3 Louse","floor":14,"turns":4},{"damage":30,"enemies":"The Guardian","floor":16,"turns":10},{"damage":18,"enemies":"Spheric Guardian","floor":18,"turns":4},{"damage":64,"enemies":"Masked Bandits","floor":20,"turns":5}],"event_choices":[{"event_name":"Wheel of Change","player_choice":"Gold","floor":3,"damage_taken":0},{"event_name":"Match and Keep!","player_choice":"1 cards matched","floor":4,"damage_taken":0},{"event_name":"Dead Adventurer","player_choice":"Searched \u00273\u0027 times","floor":11,"damage_taken":0},{"event_name":"Addict","player_choice":"Obtained Relic","floor":19,"damage_taken":0},{"event_name":"Masked Bandits","player_choice":"Fought over 825 gold","floor":20,"damage_taken":0}],"boss_relics":[{"not_picked":["Ectoplasm","Velvet Choker"],"picked":"Sozu"}],"potions_floor_spawned":[7,10,11,13,18],"seed_played":"389112410346834114","killed_by":"Masked Bandits","ascension_level":11,"is_trial":false}