{"path_per_floor":["M","M","M","?","?","E","R","$","T","M","R","M","?","M","R"],"character_chosen":"IRONCLAD","items_purchased":["Inflame"],"gold_per_floor":[113,132,144,144,144,177,177,64,91,106,106,124,179,189,189,189],"floor_reached":16,"campfire_rested":1,"playtime":657,"current_hp_per_floor":[78,80,80,73,73,45,45,45,45,45,45,45,33,35,60,0],"items_purged":["Strike_R"],"gold":189,"score":163,"play_id":"c05cb1a0-82c4-472d-a831-e319383b09e4","local_time":"20180330063939","is_prod":false,"is_daily":false,"is_ascension_mode":true,"campfire_upgraded":2,"timestamp":1522406379,"path_taken":["M","?","M","?","?","E","R","$","T","?","R","M","?","M","R","BOSS"],"build_version":"2018-03-29","purchased_purges":1,"victory":false,"master_deck":["Strike_R","Strike_R","Strike_R","Defend_R","Defend_R","Defend_R","Defend_R","Bash+1","AscendersBane","Twin Strike+1","Seeing Red","True Grit+1","Uppercut+1","Inflame+1","Dropkick","Rampage"],"max_hp_per_floor":[80,80,80,80,80,80,80,80,80,82,82,82,84,84,84,84],"relics":["Burning Blood","NeowsBlessing","Whetstone","Singing Bowl","Vajra"],"card_choices":[{"not_picked":["Heavy Blade","Havoc"],"picked":"Twin Strike","floor":1},{"not_picked":["Body Slam","Blood for Blood"],"picked":"Seeing Red","floor":2},{"not_picked":["Pommel Strike","Hemokinesis"],"picked":"True Grit","floor":3},{"not_picked":["Searing Blow","Intimidate"],"picked":"Uppercut","floor":6},{"not_picked":["Rage","Clothesline"],"picked":"Dropkick","floor":12},{"not_picked":["Body Slam","Perfected Strike"],"picked":"Rampage","floor":14}],"player_experience":280851,"potions_floor_usage":[12,13,14],"damage_taken":[{"damage":0,"enemies":"Cultist","floor":1,"turns":1},{"damage":0,"enemies":"Jaw Worm","floor":2,"turns":1},{"damage":0,"enemies":"Small Slimes","floor":3,"turns":1},{"damage":34,"enemies":"3 Sentries","floor":6,"turns":11},{"damage":8,"enemies":"Blue Slaver","floor":10,"turns":4},{"damage":6,"enemies":"Looter","floor":12,"turns":2},{"damage":20,"enemies":"Lagavulin Event","floor":13,"turns":5},{"damage":4,"enemies":"Red Slaver","floor":14,"turns":3},{"damage":60,"enemies":"Hexaghost","floor":16,"turns":9}],"event_choices":[{"event_name":"Golden Wing","player_choice":"Card Removal","floor":4,"damage_taken":0},{"event_name":"Upgrade Shrine","player_choice":"Upgraded","floor":5,"damage_taken":0},{"event_name":"Dead Adventurer","player_choice":"Searched \u00272\u0027 times","floor":13,"damage_taken":0}],"boss_relics":[],"potions_floor_spawned":[2,10,12,13],"seed_played":"1246846006214079705","killed_by":"Hexaghost","ascension_level":12,"is_trial":false}