{"path_per_floor":["M","$","M","M","M","E","R","E","T","M","?","?","R","M","R","B",null,"M","M","?","?","$"],"character_chosen":"IRONCLAD","items_purchased":[],"gold_per_floor":[113,38,52,72,62,92,92,124,124,141,141,141,141,151,151,254,254,264,281,281,196,96,96],"floor_reached":23,"campfire_rested":2,"playtime":1219,"current_hp_per_floor":[62,62,64,70,57,25,49,45,45,47,47,47,47,52,76,51,73,74,59,59,59,59,0],"items_purged":["Decay","Writhe"],"gold":96,"score":312,"play_id":"2c756ca7-ccd3-4592-9355-1ba89bbeabf1","local_time":"20180328234746","is_prod":false,"is_daily":false,"is_ascension_mode":true,"campfire_upgraded":1,"timestamp":1522295266,"path_taken":["M","$","M","M","M","E","R","E","T","M","?","?","R","M","R","BOSS","M","?","?","?","$","E"],"build_version":"2018-03-27v2","purchased_purges":2,"victory":false,"master_deck":["Strike_R","Strike_R","Strike_R","Strike_R","Defend_R","Defend_R","Defend_R","Defend_R","Bash","AscendersBane","Shockwave","True Grit+1","Clash","Anger","Flex","Rampage+1","Pommel Strike","Inflame","Feed"],"max_hp_per_floor":[80,80,80,80,80,80,80,80,80,80,80,80,80,80,80,80,80,83,86,86,86,86,86],"relics":["Burning Blood","Gambling Chip","Bag of Preparation","Sundial","Torii","Mark of Pain","Juzu Bracelet","Mercury Hourglass"],"card_choices":[{"not_picked":["Entrench","Perfected Strike"],"picked":"Shockwave","floor":1},{"not_picked":["Fire Breathing","Flex"],"picked":"True Grit","floor":3},{"not_picked":["Corruption","Carnage"],"picked":"Clash","floor":4},{"not_picked":["Havoc","Searing Blow"],"picked":"Anger","floor":5},{"not_picked":["Evolve","Demon Form"],"picked":"Flex","floor":6},{"not_picked":["Whirlwind","Flex"],"picked":"Rampage","floor":8},{"not_picked":["Anger","Sword Boomerang"],"picked":"Pommel Strike","floor":10},{"not_picked":["Heavy Blade","Anger"],"picked":"Inflame","floor":14},{"not_picked":["Demon Form","Immolate"],"picked":"Feed","floor":16}],"player_experience":264125,"potions_floor_usage":[6,14,16,16],"damage_taken":[{"damage":16,"enemies":"Small Slimes","floor":1,"turns":5},{"damage":4,"enemies":"Jaw Worm","floor":3,"turns":4},{"damage":0,"enemies":"Cultist","floor":4,"turns":4},{"damage":19,"enemies":"Exordium Thugs","floor":5,"turns":6},{"damage":38,"enemies":"Lagavulin","floor":6,"turns":8},{"damage":10,"enemies":"Gremlin Nob","floor":8,"turns":4},{"damage":4,"enemies":"Lots of Slimes","floor":10,"turns":4},{"damage":1,"enemies":"2 Fungi Beasts","floor":14,"turns":3},{"damage":41,"enemies":"Hexaghost","floor":16,"turns":9},{"damage":8,"enemies":"3 Byrds","floor":18,"turns":6},{"damage":24,"enemies":"2 Thieves","floor":19,"turns":5},{"damage":59,"enemies":"Slavers","floor":23,"turns":4}],"event_choices":[{"event_name":"Living Wall","player_choice":"Forget","floor":11,"damage_taken":0},{"event_name":"Upgrade Shrine","player_choice":"Upgraded","floor":12,"damage_taken":0},{"event_name":"The Mausoleum","player_choice":"Yes","floor":20,"damage_taken":0},{"event_name":"Addict","player_choice":"Obtained Relic","floor":21,"damage_taken":0}],"boss_relics":[{"not_picked":["Runic Pyramid","Orrery"],"picked":"Mark of Pain"}],"potions_floor_spawned":[1,5,8,10],"seed_played":"7006109374808194765","killed_by":"Slavers","ascension_level":11,"is_trial":false}