{"path_per_floor":["M","?","$","M","?","R","E","$","T","?","M","E","R","M","R","B",null,"M","$"],"character_chosen":"IRONCLAD","items_purchased":["Feel No Pain"],"gold_per_floor":[116,116,41,56,56,56,92,92,92,92,107,146,146,166,166,297,297,318,138,138],"floor_reached":20,"campfire_rested":2,"playtime":1074,"current_hp_per_floor":[73,53,53,47,47,71,37,37,37,57,64,41,65,67,67,47,72,33,33,0],"items_purged":["Strike_R","Parasite"],"gold":138,"score":270,"play_id":"7830f452-d054-497c-a106-7dbeece911e0","local_time":"20180326200226","is_prod":false,"is_daily":false,"is_ascension_mode":true,"campfire_upgraded":1,"timestamp":1522108946,"path_taken":["M","?","$","M","?","R","E","?","T","?","M","E","R","?","R","BOSS","M","$","M"],"build_version":"2018-03-25","purchased_purges":2,"victory":false,"master_deck":["Bash","AscendersBane","Inflame","Fire Breathing","Limit Break+1","True Grit","Twin Strike","Shrug It Off","Demon Form","Clothesline","Perfected Strike","Sword Boomerang","Wild Strike","Cleave","Sever Soul","Headbutt","True Grit+1","Feel No Pain"],"max_hp_per_floor":[80,80,80,80,80,80,80,80,80,80,80,80,80,80,80,80,80,80,77,77],"relics":["Burning Blood","Golden Idol","Ancient Tea Set","Bird Faced Urn","Prayer Wheel","Pandora\u0027s Box"],"card_choices":[{"not_picked":["Headbutt","Thunderclap"],"picked":"Inflame","floor":1},{"not_picked":["Iron Wave","Perfected Strike"],"picked":"Fire Breathing","floor":4},{"not_picked":["Corruption","Dual Wield"],"picked":"Limit Break","floor":7},{"not_picked":["Cleave","Twin Strike"],"picked":"True Grit","floor":11},{"not_picked":["Body Slam","Corruption"],"picked":"Twin Strike","floor":12},{"not_picked":["Havoc","Pommel Strike"],"picked":"Shrug It Off","floor":14},{"not_picked":["Impervious","Dark Embrace"],"picked":"Demon Form","floor":16},{"not_picked":["Thunderclap","Headbutt"],"picked":"True Grit","floor":18}],"player_experience":228956,"potions_floor_usage":[7,12,16,16],"damage_taken":[{"damage":5,"enemies":"2 Louse","floor":1,"turns":4},{"damage":12,"enemies":"Jaw Worm","floor":4,"turns":3},{"damage":40,"enemies":"Lagavulin","floor":7,"turns":8},{"damage":3,"enemies":"Small Slimes","floor":11,"turns":4},{"damage":33,"enemies":"3 Sentries","floor":12,"turns":11},{"damage":6,"enemies":"Looter","floor":14,"turns":4},{"damage":30,"enemies":"The Guardian","floor":16,"turns":16},{"damage":47,"enemies":"2 Thieves","floor":18,"turns":4},{"damage":41,"enemies":"Chosen","floor":20,"turns":6}],"event_choices":[{"event_name":"Golden Idol","player_choice":"Take Damage","floor":2,"damage_taken":0},{"event_name":"Living Wall","player_choice":"Forget","floor":5,"damage_taken":0},{"event_name":"Mushrooms","player_choice":"Healed and dodged fight","floor":10,"damage_taken":0}],"boss_relics":[{"not_picked":["Eternal Feather","Tiny House"],"picked":"Pandora\u0027s Box"}],"potions_floor_spawned":[4,7,11,14,18],"seed_played":"2456998510560242903","killed_by":"Chosen","ascension_level":10,"is_trial":false}