{"path_per_floor":["M","?","M","M","$","E","M","R","T","E","R","E","M","M","R","B",null,"M","?","M","?","M","R","M","R","T","$","R","M","M","M","R","B",null,"M","M","$","?","M","R","M","R","T","R","E","M","R","E","R","B"],"character_chosen":"IRONCLAD","items_purchased":["Berserk","Fire Potion","Paper Frog","Oddly Smooth Stone","Feel No Pain"],"gold_per_floor":[113,113,123,138,15,40,56,56,102,129,129,160,175,185,185,257,257,277,277,291,316,329,329,342,342,390,77,77,93,112,131,131,204,204,221,239,10,10,22,22,34,34,34,34,60,73,73,107,107,107],"floor_reached":51,"campfire_rested":1,"playtime":3620,"current_hp_per_floor":[61,38,43,48,48,44,43,43,43,30,52,48,44,41,41,42,67,69,52,38,36,40,40,34,34,34,34,34,36,50,34,34,28,46,51,52,52,52,51,51,55,55,55,55,40,55,55,55,55,26],"items_purged":["Defend_R"],"gold":107,"score":1261,"play_id":"0b4fbd5f-7e08-481a-9f18-633852f52efa","local_time":"20180413084615","is_prod":false,"is_daily":false,"chose_seed":false,"is_ascension_mode":true,"campfire_upgraded":11,"timestamp":1523623575,"path_taken":["M","?","M","M","$","E","M","R","T","E","R","E","M","M","R","BOSS","M","?","M","?","M","R","M","R","T","$","R","M","M","M","R","BOSS","M","M","$","?","?","R","M","R","T","R","E","M","R","E","R","BOSS"],"build_version":"2018-04-12","seed_source_timestamp":140188743239256,"purchased_purges":3,"victory":true,"master_deck":["Defend_R+1","Defend_R+1","Defend_R+1","Bash+1","AscendersBane","Shrug It Off+1","Disarm+1","Twin Strike+1","Berserk+1","Carnage+1","Flame Barrier+1","Double Tap+1","True Grit+1","Spot Weakness+1","Body Slam+1","Barricade+1","Shrug It Off+1","Bite","Bite","Bite","Bite","Bite","Armaments+1","Metallicize+1","Feed","Feel No Pain+1","Writhe"],"max_hp_per_floor":[75,75,75,75,75,75,75,75,75,75,75,75,75,75,75,75,75,75,52,52,52,52,52,52,52,52,52,52,52,52,52,52,52,52,52,52,52,52,52,52,55,55,55,55,55,55,55,55,55,55],"relics":["Burning Blood","Bottled Lightning","Bronze Scales","Toxic Egg 2","Champion Belt","Philosopher\u0027s Stone","Red Mask","Regal Pillow","Paper Frog","Velvet Choker","Oddly Smooth Stone","Pen Nib","Anchor","Blood Vial"],"card_choices":[{"not_picked":["Armaments","Thunderclap"],"picked":"Shrug It Off","floor":1},{"not_picked":["Sever Soul","Heavy Blade"],"picked":"Disarm","floor":3},{"not_picked":["Warcry","Burning Pact"],"picked":"Twin Strike","floor":4},{"not_picked":["Flex","Thunderclap"],"picked":"Carnage","floor":6},{"not_picked":["Headbutt","Intimidate"],"picked":"Flame Barrier","floor":7},{"not_picked":["Cleave","Rampage"],"picked":"Double Tap","floor":10},{"not_picked":["Shrug It Off","Clash"],"picked":"True Grit","floor":12},{"not_picked":["Whirlwind","Clothesline"],"picked":"Spot Weakness","floor":13},{"not_picked":["Twin Strike","Pummel"],"picked":"Body Slam","floor":14},{"not_picked":["Demon Form","Exhume"],"picked":"Barricade","floor":16},{"not_picked":["Flex","Headbutt"],"picked":"Shrug It Off","floor":18},{"not_picked":["Seeing Red","Headbutt"],"picked":"Armaments","floor":20},{"not_picked":["Wild Strike","Ghostly Armor"],"picked":"Metallicize","floor":21},{"not_picked":["Bludgeon","Berserk"],"picked":"Feed","floor":33}],"player_experience":450361,"potions_floor_usage":[6,10,13,21,22,30,33,33,33,41,45,46],"damage_taken":[{"damage":13,"enemies":"Small Slimes","floor":1,"turns":5},{"damage":1,"enemies":"Jaw Worm","floor":3,"turns":5},{"damage":1,"enemies":"Cultist","floor":4,"turns":5},{"damage":22,"enemies":"3 Sentries","floor":6,"turns":14},{"damage":7,"enemies":"Blue Slaver","floor":7,"turns":4},{"damage":19,"enemies":"Gremlin Nob","floor":10,"turns":5},{"damage":10,"enemies":"3 Sentries","floor":12,"turns":9},{"damage":10,"enemies":"Large Slime","floor":13,"turns":6},{"damage":9,"enemies":"Looter","floor":14,"turns":3},{"damage":5,"enemies":"Hexaghost","floor":16,"turns":10},{"damage":4,"enemies":"Spheric Guardian","floor":18,"turns":3},{"damage":24,"enemies":"2 Thieves","floor":20,"turns":4},{"damage":14,"enemies":"Masked Bandits","floor":21,"turns":5},{"damage":20,"enemies":"3 Cultists","floor":22,"turns":6},{"damage":26,"enemies":"Cultist and Chosen","floor":24,"turns":8},{"damage":10,"enemies":"Snake Plant","floor":29,"turns":4},{"damage":2,"enemies":"Snecko","floor":30,"turns":6},{"damage":24,"enemies":"Cultist and Chosen","floor":31,"turns":9},{"damage":46,"enemies":"Collector","floor":33,"turns":12},{"damage":16,"enemies":"3 Darklings","floor":35,"turns":7},{"damage":0,"enemies":"3 Shapes","floor":36,"turns":11},{"damage":20,"enemies":"Sphere and 2 Shapes","floor":39,"turns":7},{"damage":14,"enemies":"4 Shapes","floor":41,"turns":10},{"damage":27,"enemies":"Giant Head","floor":45,"turns":9},{"damage":2,"enemies":"Flame Bruiser 2 Orb","floor":46,"turns":7},{"damage":0,"enemies":"Nemesis","floor":48,"turns":7},{"damage":44,"enemies":"Time Eater","floor":50,"turns":12}],"event_choices":[{"event_name":"Shining Light","player_choice":"Entered Light","floor":2,"damage_taken":0},{"event_name":"Vampires","player_choice":"Became a vampire","floor":19,"damage_taken":0},{"event_name":"Masked Bandits","player_choice":"Fought over 291 gold","floor":21,"damage_taken":0},{"event_name":"Winding Halls","player_choice":"Writhe","floor":38,"damage_taken":0}],"boss_relics":[{"not_picked":["Eternal Feather","Astrolabe"],"picked":"Philosopher\u0027s Stone"},{"not_picked":["Calling Bell","Black Blood"],"picked":"Velvet Choker"}],"potions_floor_spawned":[3,4,6,10,18,21,24,29,31,35,36,45],"seed_played":"-1177497700004777651","ascension_level":15,"is_trial":false}