{"path_per_floor":["M","M","?","?","M","R","M","E","T","M","M","E","?","M","R","B",null,"M","?","?","M","$","E","?","E","T"],"character_chosen":"IRONCLAD","items_purchased":["Singing Bowl","Reckless Charge"],"gold_per_floor":[109,129,129,229,243,243,256,283,310,320,340,375,375,388,388,464,464,481,481,396,412,138,165,215,246,321,321],"floor_reached":27,"campfire_rested":0,"playtime":2356,"current_hp_per_floor":[62,58,63,63,65,65,68,54,54,47,50,46,46,32,32,34,69,70,47,54,53,53,43,43,25,25,0],"items_purged":["Strike_R"],"gold":321,"score":460,"play_id":"87a13ff1-0808-4673-b4bb-a4580592df7a","local_time":"20180415214152","is_prod":false,"is_daily":false,"chose_seed":false,"is_ascension_mode":true,"campfire_upgraded":2,"timestamp":1523842912,"path_taken":["M","M","?","?","M","R","M","E","T","?","M","E","?","M","R","BOSS","M","?","?","M","$","E","?","E","T","E"],"build_version":"2018-04-13","seed_source_timestamp":360816457250424,"purchased_purges":1,"victory":false,"master_deck":["Strike_R","Strike_R","Strike_R","Defend_R","Defend_R","Defend_R","Defend_R","Bash+1","AscendersBane","Clothesline","Metallicize","Havoc","Evolve","Feel No Pain","Shrug It Off","Body Slam+1","Spot Weakness","Offering","Wild Strike","Reckless Charge","Disarm","True Grit"],"max_hp_per_floor":[75,75,80,80,80,80,80,80,80,80,80,80,80,80,80,80,80,80,85,92,92,92,92,92,92,92,92],"relics":["Burning Blood","Calipers","Orichalcum","Gremlin Horn","Snecko Eye","Strawberry","Singing Bowl","Art of War","Kunai","Question Card"],"card_choices":[{"not_picked":["Flex","Headbutt"],"picked":"Clothesline","floor":1},{"not_picked":["Blood for Blood","Corruption"],"picked":"Metallicize","floor":2},{"not_picked":["Burning Pact","Inflame"],"picked":"Havoc","floor":5},{"not_picked":["Thunderclap","Heavy Blade"],"picked":"Evolve","floor":7},{"not_picked":["Intimidate","Bloodletting"],"picked":"Feel No Pain","floor":8},{"not_picked":["Uppercut","Perfected Strike"],"picked":"Shrug It Off","floor":11},{"not_picked":["Hemokinesis","Headbutt"],"picked":"Body Slam","floor":12},{"not_picked":["Pommel Strike","Iron Wave"],"picked":"Spot Weakness","floor":14},{"not_picked":["Reaper","Demon Form"],"picked":"Offering","floor":16},{"not_picked":["Flex","Sever Soul"],"picked":"Wild Strike","floor":21},{"not_picked":["Heavy Blade","Searing Blow"],"picked":"Disarm","floor":23},{"not_picked":["Warcry","Corruption"],"picked":"True Grit","floor":25}],"player_experience":479720,"potions_floor_usage":[10,16,16,16,23,23,23],"damage_taken":[{"damage":12,"enemies":"2 Louse","floor":1,"turns":3},{"damage":10,"enemies":"Small Slimes","floor":2,"turns":4},{"damage":4,"enemies":"Jaw Worm","floor":5,"turns":5},{"damage":3,"enemies":"Looter","floor":7,"turns":4},{"damage":20,"enemies":"Gremlin Nob","floor":8,"turns":5},{"damage":13,"enemies":"Exordium Thugs","floor":10,"turns":6},{"damage":3,"enemies":"Exordium Wildlife","floor":11,"turns":4},{"damage":10,"enemies":"3 Sentries","floor":12,"turns":10},{"damage":20,"enemies":"Gremlin Gang","floor":14,"turns":7},{"damage":4,"enemies":"The Guardian","floor":16,"turns":12},{"damage":5,"enemies":"Shell Parasite","floor":18,"turns":5},{"damage":7,"enemies":"Chosen","floor":21,"turns":7},{"damage":28,"enemies":"Gremlin Leader","floor":23,"turns":11},{"damage":24,"enemies":"Book of Stabbing","floor":25,"turns":6},{"damage":28,"enemies":"Gremlin Leader","floor":27,"turns":9}],"event_choices":[{"event_name":"Big Fish","player_choice":"Donut","floor":3,"damage_taken":0},{"event_name":"Wheel of Change","player_choice":"Gold","floor":4,"damage_taken":0},{"event_name":"Purifier","player_choice":"One Purge","floor":13,"damage_taken":0},{"event_name":"Forgotten Altar","player_choice":"Shed Blood","floor":19,"damage_taken":0},{"event_name":"Addict","player_choice":"Obtained Relic","floor":20,"damage_taken":0},{"event_name":"Golden Shrine","player_choice":"Pray","floor":24,"damage_taken":0}],"boss_relics":[{"not_picked":["Eternal Feather","Runic Cube"],"picked":"Snecko Eye"}],"potions_floor_spawned":[1,5,10,14,16,18,21],"seed_played":"-8450161308880896720","killed_by":"Gremlin Leader","ascension_level":15,"is_trial":false}