{"path_per_floor":["M","$","M","$","M","R","E","R","T","?","E","?","?","E","R","B",null,"M","?","$","M","?","R","?","E","T","M","M","R","?","M","R"],"character_chosen":"IRONCLAD","items_purchased":["Trip","Paper Frog"],"gold_per_floor":[115,19,38,38,53,53,87,87,87,143,175,175,175,209,209,280,280,298,298,55,73,73,73,163,198,278,291,308,308,208,225,225,225],"floor_reached":33,"campfire_rested":2,"playtime":1398,"current_hp_per_floor":[68,68,68,68,67,67,52,52,52,51,37,37,37,41,41,37,66,65,65,65,64,64,64,46,29,29,26,13,38,38,12,37,0],"items_purged":[],"gold":225,"score":492,"play_id":"29b3f59c-c5ba-480a-82af-6867fa7a53c5","local_time":"20180411154443","is_prod":false,"is_daily":false,"chose_seed":false,"is_ascension_mode":true,"campfire_upgraded":4,"timestamp":1523475883,"path_taken":["M","$","M","?","M","R","E","R","T","?","E","?","?","E","R","BOSS","M","?","$","M","?","R","?","E","T","M","M","R","?","M","R","BOSS"],"build_version":"2018-04-10","seed_source_timestamp":678013505644947,"purchased_purges":0,"victory":false,"master_deck":["Strike_R","Strike_R","Defend_R+1","Defend_R","Defend_R","Bash","AscendersBane","Thunderclap","Feel No Pain+1","Clothesline+1","Trip+1","True Grit+1","Carnage","Ghostly Armor","Reckless Charge+1","Feed+1","Demon Form","Havoc+1","Evolve","Iron Wave+1","J.A.X.","Juggernaut"],"max_hp_per_floor":[68,68,68,68,68,68,68,68,68,68,68,68,68,72,72,76,76,80,80,80,80,80,80,80,80,80,84,84,84,84,84,84,84],"relics":["Burning Blood","Juzu Bracelet","Molten Egg 2","War Paint","Du-Vu Doll","Question Card","Sozu","Paper Frog","Smiling Mask","Mummified Hand"],"card_choices":[{"not_picked":["Clash","Pommel Strike"],"picked":"Clothesline","floor":1},{"not_picked":["Clash","Body Slam"],"picked":"True Grit","floor":3},{"not_picked":["Combust","Inflame"],"picked":"Carnage","floor":5},{"not_picked":["Iron Wave","Berserk"],"picked":"Ghostly Armor","floor":7},{"not_picked":["Feel No Pain","Headbutt"],"picked":"Reckless Charge","floor":10},{"not_picked":["Hemokinesis","Iron Wave"],"picked":"Feed","floor":11},{"not_picked":["Immolate","Dark Embrace","Berserk"],"picked":"Demon Form","floor":16},{"not_picked":["Metallicize","Iron Wave","Battle Trance"],"picked":"Havoc","floor":21},{"not_picked":["Searing Blow","Flex","Sword Boomerang"],"picked":"Evolve","floor":25},{"not_picked":["Twin Strike","Sword Boomerang","Rampage"],"picked":"Iron Wave","floor":27},{"not_picked":["Sever Soul","Twin Strike","Iron Wave"],"picked":"Juggernaut","floor":31}],"player_experience":431771,"potions_floor_usage":[11,14,18],"damage_taken":[{"damage":6,"enemies":"Cultist","floor":1,"turns":4},{"damage":0,"enemies":"2 Louse","floor":3,"turns":3},{"damage":7,"enemies":"Small Slimes","floor":5,"turns":3},{"damage":21,"enemies":"Gremlin Nob","floor":7,"turns":4},{"damage":7,"enemies":"Gremlin Nob","floor":10,"turns":4},{"damage":20,"enemies":"Lagavulin","floor":11,"turns":8},{"damage":18,"enemies":"3 Sentries","floor":14,"turns":6},{"damage":14,"enemies":"Hexaghost","floor":16,"turns":9},{"damage":11,"enemies":"2 Thieves","floor":18,"turns":3},{"damage":7,"enemies":"Shell Parasite","floor":21,"turns":5},{"damage":23,"enemies":"Book of Stabbing","floor":25,"turns":6},{"damage":13,"enemies":"Snecko","floor":27,"turns":3},{"damage":19,"enemies":"Sentry and Sphere","floor":28,"turns":5},{"damage":32,"enemies":"Slaver and Parasite","floor":31,"turns":6},{"damage":62,"enemies":"Collector","floor":33,"turns":5}],"event_choices":[{"event_name":"Dead Adventurer","player_choice":"Searched \u00272\u0027 times","floor":10,"damage_taken":0},{"event_name":"Living Wall","player_choice":"Forget","floor":12,"damage_taken":0},{"event_name":"Purifier","player_choice":"One Purge","floor":13,"damage_taken":0},{"event_name":"The Mausoleum","player_choice":"No","floor":19,"damage_taken":0},{"event_name":"N\u0027loth","player_choice":"Ignored","floor":22,"damage_taken":0},{"event_name":"Knowing Skull","player_choice":"GOLD ","floor":24,"damage_taken":0},{"event_name":"Drug Dealer","player_choice":"Got JAXXED","floor":30,"damage_taken":0}],"boss_relics":[{"not_picked":["Orrery","Philosopher\u0027s Stone"],"picked":"Sozu"}],"potions_floor_spawned":[10,11,16,21,28],"seed_played":"-9072267931576249","killed_by":"Collector","ascension_level":15,"is_trial":false}