{"path_per_floor":["M","?","?","M","M","R","M","E","T","R","M","M","$","M","R"],"character_chosen":"IRONCLAD","items_purchased":["Strawberry","True Grit"],"gold_per_floor":[114,94,94,108,120,120,133,161,161,161,171,189,13,28,28,28],"floor_reached":16,"campfire_rested":2,"playtime":582,"current_hp_per_floor":[64,64,57,58,57,57,47,18,18,40,41,22,29,30,54,0],"items_purged":[],"gold":28,"score":182,"play_id":"b18d0fde-3822-40c8-bf83-8a8fe24b7a08","local_time":"20180414083340","is_prod":false,"is_daily":false,"chose_seed":false,"is_ascension_mode":true,"campfire_upgraded":1,"timestamp":1523709220,"path_taken":["M","?","?","M","M","R","M","E","T","R","M","M","?","?","R","BOSS"],"build_version":"2018-04-13","seed_source_timestamp":228894008966187,"purchased_purges":0,"victory":false,"master_deck":["Strike_R","Strike_R","Strike_R","Strike_R","Strike_R","Defend_R","Defend_R","Defend_R","Defend_R","Bash+1","AscendersBane","Carnage","Rampage","Evolve","Intimidate","Anger","Rage","True Grit","Reckless Charge"],"max_hp_per_floor":[75,75,75,75,75,75,75,75,75,75,75,75,82,82,82,82],"relics":["Burning Blood","Bird Faced Urn","Bronze Scales","Torii","Strawberry"],"card_choices":[{"not_picked":["Armaments","Cleave"],"picked":"Carnage","floor":1},{"not_picked":["Clothesline","Battle Trance"],"picked":"Rampage","floor":4},{"not_picked":["Impervious","True Grit"],"picked":"Evolve","floor":5},{"not_picked":["Dual Wield","Blood for Blood"],"picked":"Intimidate","floor":7},{"not_picked":["True Grit","Twin Strike"],"picked":"Anger","floor":11},{"not_picked":["Heavy Blade","Perfected Strike"],"picked":"Rage","floor":12},{"not_picked":["Body Slam","Cleave"],"picked":"Reckless Charge","floor":14}],"player_experience":461894,"potions_floor_usage":[8,11,11],"damage_taken":[{"damage":10,"enemies":"Cultist","floor":1,"turns":5},{"damage":5,"enemies":"2 Louse","floor":4,"turns":4},{"damage":7,"enemies":"Jaw Worm","floor":5,"turns":2},{"damage":16,"enemies":"3 Louse","floor":7,"turns":4},{"damage":35,"enemies":"Lagavulin","floor":8,"turns":5},{"damage":7,"enemies":"Exordium Wildlife","floor":11,"turns":5},{"damage":25,"enemies":"Exordium Thugs","floor":12,"turns":5},{"damage":7,"enemies":"3 Louse","floor":14,"turns":4},{"damage":61,"enemies":"Hexaghost","floor":16,"turns":9}],"event_choices":[{"event_name":"The Woman in Blue","player_choice":"Bought 1 Potion","floor":2,"damage_taken":0},{"event_name":"Golden Wing","player_choice":"Card Removal","floor":3,"damage_taken":0}],"boss_relics":[],"potions_floor_spawned":[4,7,8],"seed_played":"5774981725403745479","killed_by":"Hexaghost","ascension_level":15,"is_trial":false}