{"path_per_floor":["M","M","?","M","M","E","M","?","T","E","$","R","?","?","R","B",null,"M","?","?","?","?","R","E","R","T","$","R","E","M","M","R"],"character_chosen":"IRONCLAD","items_purchased":["Regen Potion"],"gold_per_floor":[116,129,129,147,159,184,202,202,202,231,156,156,180,180,180,257,257,275,275,275,190,190,190,219,219,245,95,95,155,167,181,181,181],"floor_reached":33,"campfire_rested":4,"playtime":1695,"current_hp_per_floor":[69,73,73,72,65,40,32,32,32,10,10,32,29,22,22,11,59,60,60,60,60,39,39,10,34,34,34,58,54,37,39,63,0],"items_purged":["Strike_R","Strike_R"],"gold":181,"score":509,"play_id":"ec608eec-ed71-48c0-a649-d840f053e3a8","local_time":"20180419160215","is_prod":false,"is_daily":false,"chose_seed":false,"is_ascension_mode":true,"campfire_upgraded":2,"timestamp":1524168135,"path_taken":["M","M","?","M","?","E","M","?","T","E","$","R","?","?","R","BOSS","M","?","?","?","?","R","E","R","T","$","R","E","?","M","R","BOSS"],"build_version":"2018-04-18","seed_source_timestamp":686717083049284,"purchased_purges":2,"victory":false,"master_deck":["Defend_R","Defend_R","Defend_R","Defend_R","Bash+1","AscendersBane","Disarm+1","Anger","Fire Breathing","Shrug It Off","Bludgeon","Pummel","True Grit+1","Headbutt","Offering","Shrug It Off","Armaments","Shockwave"],"max_hp_per_floor":[75,75,75,75,75,75,75,75,75,75,75,75,75,75,75,75,75,75,75,75,75,80,80,80,80,80,80,80,80,80,80,80,80],"relics":["Burning Blood","Omamori","Ice Cream","Paper Frog","Odd Mushroom","Runic Pyramid","Gambling Chip","Anchor","Vajra","Tiny Chest"],"card_choices":[{"not_picked":["Wild Strike","Pommel Strike"],"picked":"Disarm","floor":1},{"not_picked":["Fire Breathing","Havoc"],"picked":"Anger","floor":2},{"not_picked":["Sever Soul","Heavy Blade"],"picked":"Fire Breathing","floor":4},{"not_picked":["Spot Weakness","True Grit"],"picked":"Shrug It Off","floor":5},{"not_picked":["Havoc","Twin Strike"],"picked":"Bludgeon","floor":6},{"not_picked":["Rage","Flex"],"picked":"True Grit","floor":10},{"not_picked":["Anger","Warcry"],"picked":"Headbutt","floor":13},{"not_picked":["Brutality","Feed"],"picked":"Offering","floor":16},{"not_picked":["Havoc","Wild Strike"],"picked":"Shrug It Off","floor":18},{"not_picked":["Dual Wield","Havoc"],"picked":"Armaments","floor":30},{"not_picked":["Clash","Sword Boomerang"],"picked":"Shockwave","floor":31}],"player_experience":518389,"potions_floor_usage":[6,6,29,29,29,33,33],"damage_taken":[{"damage":5,"enemies":"2 Louse","floor":1,"turns":4},{"damage":2,"enemies":"Cultist","floor":2,"turns":5},{"damage":7,"enemies":"Small Slimes","floor":4,"turns":5},{"damage":13,"enemies":"Looter","floor":5,"turns":5},{"damage":31,"enemies":"3 Sentries","floor":6,"turns":7},{"damage":14,"enemies":"Large Slime","floor":7,"turns":8},{"damage":28,"enemies":"Gremlin Nob","floor":10,"turns":4},{"damage":9,"enemies":"The Mushroom Lair","floor":13,"turns":4},{"damage":17,"enemies":"The Guardian","floor":16,"turns":14},{"damage":5,"enemies":"3 Byrds","floor":18,"turns":6},{"damage":35,"enemies":"Book of Stabbing","floor":24,"turns":8},{"damage":22,"enemies":"Gremlin Leader","floor":29,"turns":8},{"damage":23,"enemies":"2 Thieves","floor":30,"turns":4},{"damage":4,"enemies":"Snake Plant","floor":31,"turns":6},{"damage":101,"enemies":"Automaton","floor":33,"turns":12}],"event_choices":[{"event_name":"Bonfire Elementals","player_choice":"BASIC","floor":3,"damage_taken":0},{"event_name":"Transmorgrifier","player_choice":"Transform","floor":8,"damage_taken":0},{"event_name":"Mushrooms","player_choice":"Fought Mushrooms","floor":13,"damage_taken":0},{"event_name":"Golden Wing","player_choice":"Card Removal","floor":14,"damage_taken":0},{"event_name":"N\u0027loth","player_choice":"Ignored","floor":19,"damage_taken":0},{"event_name":"Vampires","player_choice":"Ignored","floor":20,"damage_taken":0},{"event_name":"Addict","player_choice":"Obtained Relic","floor":21,"damage_taken":0},{"event_name":"Forgotten Altar","player_choice":"Shed Blood","floor":22,"damage_taken":0}],"boss_relics":[{"not_picked":["Velvet Choker","Pandora\u0027s Box"],"picked":"Runic Pyramid"}],"potions_floor_spawned":[1,4,5,10,16,24,30,31],"seed_played":"4709090273325641972","killed_by":"Automaton","ascension_level":15,"is_trial":false}