{"path_per_floor":["M","M","$","?","M","R","?","R","T","M","?","R","$","M","R","B",null,"M","?","$","?","M","R","E","M","T","M","M","M","?","$","R"],"character_chosen":"IRONCLAD","items_purchased":["Battle Trance","Thunderclap","Fire Breathing","Flame Barrier","Inflame","Infernal Blade","Combust","Pommel Strike"],"gold_per_floor":[110,126,11,11,28,28,103,103,103,121,145,145,29,47,47,147,147,164,164,18,18,38,38,67,80,80,96,107,119,119,21,21],"floor_reached":33,"campfire_rested":5,"playtime":1963,"current_hp_per_floor":[62,52,52,52,45,69,58,80,80,80,60,60,60,39,63,33,80,47,31,31,31,28,52,21,24,24,10,2,27,27,27,52],"items_purged":[],"gold":21,"play_id":"8edd22e4-375e-49d2-baa1-21b74e2b546d","is_prod":false,"is_daily":false,"campfire_rituals":0,"campfire_upgraded":1,"is_hardmode":false,"path_taken":["M","?","$","?","M","R","?","R","T","?","?","R","?","M","R","BOSS","M","?","$","?","M","R","E","M","T","?","M","M","?","$","R","BOSS"],"build_version":"2018-01-18-PROD2","purchased_purges":0,"victory":false,"master_deck":["Strike_R","Strike_R","Strike_R","Strike_R","Strike_R","Defend_R","Defend_R","Defend_R","Defend_R","Bash","Thunderclap","Double Tap","Battle Trance","Thunderclap","Burning Pact","Reckless Charge","Iron Wave","Armaments","Fire Breathing","Flame Barrier","Cleave","Feed","True Grit","Inflame","Infernal Blade","Thunderclap","Fiend Fire","Feel No Pain","Clothesline","Battle Trance","Clash","Double Tap","Combust","Pommel Strike"],"max_hp_per_floor":[80,80,80,80,80,80,80,80,80,80,80,80,80,80,80,80,80,80,80,80,80,80,80,80,83,83,83,83,86,86,86,86],"relics":["Lizard Tail","Red Skull","Odd Mushroom","Sozu","Enchiridion","Gambling Chip","Pantograph"],"campfire_meditates":0,"card_choices":[{"not_picked":["Body Slam","Anger"],"picked":"Thunderclap"},{"not_picked":["Warcry","Iron Wave"],"picked":"Double Tap"},{"not_picked":["Body Slam","Flex"],"picked":"Reckless Charge"},{"not_picked":["Anger","Armaments"],"picked":"Iron Wave"},{"not_picked":["Anger","Spot Weakness"],"picked":"Armaments"},{"not_picked":["Flex","Pommel Strike"],"picked":"Cleave"},{"not_picked":["Offering","Fiend Fire"],"picked":"Feed"},{"not_picked":["Iron Wave","Body Slam"],"picked":"True Grit"},{"not_picked":["Bloodletting","Clothesline"],"picked":"Thunderclap"},{"not_picked":["Clothesline","True Grit"],"picked":"Fiend Fire"},{"not_picked":["Heavy Blade","Seeing Red"],"picked":"Feel No Pain"},{"not_picked":["Flex","Body Slam"],"picked":"Clothesline"},{"not_picked":["Armaments","Sword Boomerang"],"picked":"Battle Trance"},{"not_picked":["Inflame","Body Slam"],"picked":"Clash"}],"player_experience":10909,"potions_floor_usage":[],"damage_taken":[{"damage":18,"enemies":"Blue Slaver","floor":1,"turns":6},{"damage":10,"enemies":"2 Louse","floor":2,"turns":3},{"damage":7,"enemies":"Small Slimes","floor":5,"turns":2},{"damage":0,"enemies":"2 Fungi Beasts","floor":10,"turns":2},{"damage":20,"enemies":"The Mushroom Lair","floor":11,"turns":3},{"damage":21,"enemies":"Large Slime","floor":14,"turns":5},{"damage":30,"enemies":"Slime Boss","floor":16,"turns":7},{"damage":33,"enemies":"Spheric Guardian","floor":18,"turns":6},{"damage":3,"enemies":"3 Byrds","floor":22,"turns":4},{"damage":31,"enemies":"Slavers","floor":24,"turns":4},{"damage":0,"enemies":"3 Cultists","floor":25,"turns":3},{"damage":14,"enemies":"Snake Plant","floor":27,"turns":3},{"damage":8,"enemies":"Snecko","floor":28,"turns":4},{"damage":27,"enemies":"Slaver and Parasite","floor":29,"turns":5},{"damage":93,"enemies":"Champ","floor":33,"turns":15}],"event_choices":[{"event_name":"Match and Keep!","player_choice":"1 cards matched","floor":4,"damage_taken":0},{"event_name":"World of Goop","player_choice":"Gather Gold","floor":7,"damage_taken":0},{"event_name":"Mushrooms","player_choice":"Fought Mushrooms","floor":11,"damage_taken":0},{"event_name":"Cursed Tome","player_choice":"Obtained Book","floor":19,"damage_taken":0},{"event_name":"Back to Basics","player_choice":"Simplicity","floor":21,"damage_taken":0},{"event_name":"Duplicator","player_choice":"One dupe","floor":30,"damage_taken":0}],"boss_relics":[{"not_picked":["Mark of Pain","Runic Cube"],"picked":"Sozu"}],"potions_floor_spawned":[10,14,22,24,28,29],"seed_played":"-3588811401499865611","killed_by":"Champ","is_trial":false}