{"path_per_floor":["M","?","M","T","?","M","M","R","T","R","M","$","R","M","R","B",null,"M","M","?","?","?","E","M","R","T","R","M","?","R","M","R","B",null,"M","$","?","$","$","R","M"],"character_chosen":"IRONCLAD","items_purchased":["Membership Card","Havoc","Wild Strike","Mango","Pear","Infernal Blade","Immolate"],"gold_per_floor":[114,114,124,203,203,221,234,234,261,261,277,12,12,22,22,122,122,140,156,156,156,56,389,408,408,408,408,421,346,346,365,365,469,469,488,26,75,17,17,17,37],"floor_reached":42,"campfire_rested":7,"playtime":2109,"current_hp_per_floor":[75,63,56,56,56,59,28,52,59,85,87,87,87,87,87,52,87,78,53,82,67,67,38,19,46,46,73,58,58,85,65,92,47,92,46,70,54,54,54,88,77],"items_purged":[],"gold":37,"play_id":"1cfa209e-8378-42f9-bd25-c135989a93fc","is_prod":false,"is_daily":false,"is_ascension_mode":false,"campfire_upgraded":2,"path_taken":["M","?","M","?","?","M","M","R","T","R","M","$","R","?","R","BOSS","M","M","?","?","?","E","M","R","T","R","M","?","R","?","R","BOSS","M","$","?","?","$","R","M","?"],"build_version":"2018-02-01-PROD3","purchased_purges":0,"victory":false,"master_deck":["Strike_R","Strike_R","Strike_R","Strike_R","Strike_R","Defend_R","Defend_R","Defend_R","Defend_R+1","Bash","Twin Strike","Whirlwind","Power Through+1","Iron Wave","Heavy Blade","Havoc+1","Wild Strike","Uppercut","Reaper","Decay","Writhe","Regret","Heavy Blade+1","Cleave","J.A.X.","Dual Wield+1","Demon Form","Heavy Blade","Perfected Strike","Berserk","Shrug It Off","Infernal Blade","Sword Boomerang+1","Immolate","Cleave+1"],"max_hp_per_floor":[80,80,80,80,80,80,80,80,87,87,87,87,87,87,87,87,87,87,87,87,92,92,92,92,92,92,92,92,92,92,92,92,92,92,92,116,116,116,116,116,116],"relics":["Burning Blood","Oddly Smooth Stone","Toolbox","Matryoshka","Pen Nib","Vajra","Strawberry","Membership Card","Calling Bell","Torii","Bronze Scales","Pantograph","Old Coin","Sundial","War Paint","Lizard Tail","Mango","Pear","Charon\u0027s Ashes"],"card_choices":[{"not_picked":["True Grit","Sever Soul"],"picked":"Twin Strike"},{"not_picked":["Shrug It Off","Reckless Charge"],"picked":"Whirlwind"},{"not_picked":["Hemokinesis","Body Slam"],"picked":"Power Through"},{"not_picked":["Warcry","Shrug It Off"],"picked":"Iron Wave"},{"not_picked":["Second Wind","Disarm"],"picked":"Heavy Blade"},{"not_picked":["Shrug It Off","Flex"],"picked":"Uppercut"},{"not_picked":["Exhume","Juggernaut"],"picked":"Reaper"},{"not_picked":["Hemokinesis","Intimidate"],"picked":"Heavy Blade"},{"not_picked":["Twin Strike","Shrug It Off"],"picked":"Cleave"},{"not_picked":["Wild Strike","Sword Boomerang"],"picked":"Dual Wield"},{"not_picked":["True Grit","Pummel"],"picked":"Demon Form"},{"not_picked":["Pommel Strike","Bloodletting"],"picked":"Heavy Blade"},{"not_picked":["Headbutt","Iron Wave"],"picked":"Perfected Strike"},{"not_picked":["Reaper","Brutality"],"picked":"Berserk"},{"not_picked":["Uppercut","Warcry"],"picked":"Shrug It Off"},{"not_picked":["Bloodletting","Reckless Charge"],"picked":"Sword Boomerang"},{"not_picked":["Clothesline","Perfected Strike"],"picked":"Cleave"}],"player_experience":32369,"potions_floor_usage":[],"damage_taken":[{"damage":11,"enemies":"Small Slimes","floor":1,"turns":3},{"damage":13,"enemies":"Jaw Worm","floor":3,"turns":4},{"damage":3,"enemies":"Cultist","floor":6,"turns":3},{"damage":37,"enemies":"Exordium Thugs","floor":7,"turns":7},{"damage":0,"enemies":"Looter","floor":11,"turns":3},{"damage":0,"enemies":"3 Louse","floor":14,"turns":2},{"damage":45,"enemies":"Slime Boss","floor":16,"turns":11},{"damage":19,"enemies":"Chosen","floor":18,"turns":7},{"damage":31,"enemies":"Spheric Guardian","floor":19,"turns":4},{"damage":63,"enemies":"Slavers","floor":23,"turns":5},{"damage":30,"enemies":"Cultist and Chosen","floor":24,"turns":7},{"damage":21,"enemies":"Snake Plant","floor":28,"turns":3},{"damage":35,"enemies":"Centurion and Healer","floor":31,"turns":5},{"damage":69,"enemies":"Collector","floor":33,"turns":11},{"damage":52,"enemies":"3 Shapes","floor":35,"turns":4},{"damage":91,"enemies":"Mysterious Sphere","floor":37,"turns":6},{"damage":22,"enemies":"Orb Walker","floor":41,"turns":3},{"damage":80,"enemies":"4 Shapes","floor":42,"turns":4}],"event_choices":[{"event_name":"Scrap Ooze","player_choice":"success","floor":2,"damage_taken":12},{"event_name":"Big Fish","player_choice":"Box","floor":5,"damage_taken":0},{"event_name":"The Library","player_choice":"Heal","floor":20,"damage_taken":0},{"event_name":"Forgotten Altar","player_choice":"Shed Blood","floor":21,"damage_taken":0},{"event_name":"Drug Dealer","player_choice":"Got JAXXED","floor":22,"damage_taken":0},{"event_name":"Beggar","player_choice":"Gave Gold","floor":29,"damage_taken":0},{"event_name":"Mysterious Sphere","player_choice":"Fight","floor":37,"damage_taken":0}],"boss_relics":[{"not_picked":["White Beast Statue","Sozu"],"picked":"Calling Bell"},{"not_picked":["Cursed Key","Snecko Eye"],"picked":"Lizard Tail"}],"potions_floor_spawned":[3,14,16,18,24,33,41],"seed_played":"-7822456724651119723","killed_by":"4 Shapes","ascension_level":0,"is_trial":false}