{"path_per_floor":["M","?","?","?","M","R","E","?","T","M","M","M","$","M","R"],"character_chosen":"IRONCLAD","items_purchased":["Champion Belt"],"gold_per_floor":[116,116,116,116,137,137,170,245,270,288,312,336,23,46,46],"floor_reached":16,"campfire_rested":1,"playtime":537,"current_hp_per_floor":[80,74,74,59,65,65,31,20,27,30,26,30,30,21,45],"items_purged":[],"gold":46,"score":102,"play_id":"c15d45fb-ba2d-44c3-88aa-7ec4497f3e8c","is_prod":false,"is_daily":false,"is_ascension_mode":false,"campfire_upgraded":1,"path_taken":["M","?","?","?","M","R","E","?","T","M","?","M","$","M","R","BOSS"],"build_version":"2018-02-08-PROD1","purchased_purges":0,"victory":false,"master_deck":["Strike_R","Strike_R","Strike_R","Strike_R+1","Defend_R","Defend_R+1","Defend_R+1","Defend_R+1","Bash","Flex","Double Tap+1","Armaments","Spot Weakness","Dual Wield","Blood for Blood","Flex","Fiend Fire"],"max_hp_per_floor":[80,74,74,74,74,74,74,74,81,81,81,81,81,81,81],"relics":["Burning Blood","War Paint","Golden Idol","Bird Faced Urn","Strawberry","Champion Belt"],"card_choices":[{"not_picked":["Intimidate","Entrench"],"picked":"Flex"},{"not_picked":["Sword Boomerang","Shrug It Off"],"picked":"Armaments"},{"not_picked":["Battle Trance","Cleave"],"picked":"Spot Weakness"},{"not_picked":["Flex","Battle Trance"],"picked":"Dual Wield"},{"not_picked":["Rupture","Perfected Strike"],"picked":"Blood for Blood"},{"not_picked":["True Grit","Twin Strike"],"picked":"Flex"},{"not_picked":["Heavy Blade","Battle Trance"],"picked":"Fiend Fire"}],"player_experience":65234,"potions_floor_usage":[5,10,16],"damage_taken":[{"damage":0,"enemies":"2 Louse","floor":1,"turns":3},{"damage":0,"enemies":"Small Slimes","floor":5,"turns":3},{"damage":40,"enemies":"Gremlin Nob","floor":7,"turns":5},{"damage":3,"enemies":"Jaw Worm","floor":10,"turns":3},{"damage":10,"enemies":"Exordium Wildlife","floor":11,"turns":4},{"damage":2,"enemies":"Looter","floor":12,"turns":3},{"damage":15,"enemies":"Large Slime","floor":14,"turns":6},{"damage":57,"enemies":"Slime Boss","floor":16,"turns":9}],"event_choices":[{"event_name":"Golden Idol","player_choice":"Lose Max HP","floor":2,"damage_taken":0},{"event_name":"Living Wall","player_choice":"Change","floor":3,"damage_taken":0},{"event_name":"Shining Light","player_choice":"Entered Light","floor":4,"damage_taken":0},{"event_name":"World of Goop","player_choice":"Gather Gold","floor":8,"damage_taken":0}],"boss_relics":[],"potions_floor_spawned":[1,5,11],"seed_played":"478173537701020950","killed_by":"Slime Boss","ascension_level":0,"is_trial":false}