{"path_per_floor":["M","$","?","M","M","R","M","$","T","?","M","?","M","E","R","B",null,"M","$","M","?"],"character_chosen":"IRONCLAD","items_purchased":["Juzu Bracelet","Jack Of All Trades","Spot Weakness","Thunderclap","Hemokinesis","Lantern","Whirlwind"],"gold_per_floor":[366,0,0,16,34,34,54,19,19,19,32,32,47,80,80,206,236,225,7,31,31],"floor_reached":22,"campfire_rested":1,"playtime":938,"current_hp_per_floor":[70,70,70,69,72,72,72,72,72,72,57,54,52,27,48,8,72,52,52,34,34],"items_purged":[],"gold":31,"score":186,"play_id":"377076b1-2098-4983-8a46-18325afe53c2","is_prod":false,"is_daily":false,"is_ascension_mode":false,"campfire_upgraded":1,"path_taken":["M","$","?","M","M","R","M","$","T","?","M","?","M","E","R","BOSS","M","$","M","?","M"],"build_version":"2018-02-12-PROD1","purchased_purges":0,"victory":false,"master_deck":["Strike_R","Strike_R","Strike_R","Strike_R","Strike_R","Defend_R","Defend_R","Defend_R","Defend_R","Bash","Disarm","Jack Of All Trades","Spot Weakness+1","Thunderclap","Flex","Wild Strike","Combust","Hemokinesis","Injury","Reckless Charge","Barricade","True Grit","Demon Form","Decay","Decay","Regret","Clothesline","Whirlwind","Spot Weakness"],"max_hp_per_floor":[72,72,72,72,72,72,72,72,72,72,72,72,72,72,72,72,72,72,72,72,72],"relics":["Burning Blood","Juzu Bracelet","Peace Pipe","Golden Idol","Bronze Scales","Letter Opener","Calling Bell","Champion Belt","Tiny Chest","Blue Candle","Lantern"],"card_choices":[{"not_picked":["Clothesline","Clash"],"picked":"Disarm"},{"not_picked":["Rage","Shrug It Off"],"picked":"Flex"},{"not_picked":["Warcry","Cleave"],"picked":"Wild Strike"},{"not_picked":["Sword Boomerang","Havoc"],"picked":"Combust"},{"not_picked":["Fire Breathing","Warcry"],"picked":"Reckless Charge"},{"not_picked":["Warcry","Pommel Strike"],"picked":"Barricade"},{"not_picked":["Sever Soul","Flame Barrier"],"picked":"True Grit"},{"not_picked":["Reaper","Fiend Fire"],"picked":"Demon Form"},{"not_picked":["Rage","Thunderclap"],"picked":"Clothesline"},{"not_picked":["Body Slam","Iron Wave"],"picked":"Spot Weakness"}],"player_experience":97516,"potions_floor_usage":[14,14,16,16,20],"damage_taken":[{"damage":8,"enemies":"2 Louse","floor":1,"turns":2},{"damage":7,"enemies":"Cultist","floor":4,"turns":4},{"damage":0,"enemies":"Small Slimes","floor":5,"turns":3},{"damage":4,"enemies":"2 Fungi Beasts","floor":7,"turns":3},{"damage":21,"enemies":"Large Slime","floor":11,"turns":5},{"damage":12,"enemies":"Exordium Wildlife","floor":13,"turns":3},{"damage":31,"enemies":"3 Sentries","floor":14,"turns":6},{"damage":50,"enemies":"Hexaghost","floor":16,"turns":7},{"damage":26,"enemies":"2 Thieves","floor":18,"turns":4},{"damage":27,"enemies":"3 Byrds","floor":20,"turns":3},{"damage":34,"enemies":"Centurion and Healer","floor":22,"turns":5}],"event_choices":[{"event_name":"Upgrade Shrine","player_choice":"Skipped","floor":3,"damage_taken":0},{"event_name":"Golden Idol","player_choice":"Take Wound","floor":10,"damage_taken":0},{"event_name":"Scrap Ooze","player_choice":"success","floor":12,"damage_taken":3},{"event_name":"Drug Dealer","player_choice":"Ignored","floor":21,"damage_taken":0}],"boss_relics":[{"not_picked":["Cursed Key","Lizard Tail"],"picked":"Calling Bell"}],"potions_floor_spawned":[5,11,13,14,18],"seed_played":"-1394827344628472163","killed_by":"Centurion and Healer","ascension_level":0,"is_trial":false}