{"path_per_floor":["M","?","?","M","M","R","E","R","T","E","M","R","E","M","R","B",null,"M","M","M","M","M","R","?","M","T","R","$","M","M","M","R"],"character_chosen":"IRONCLAD","items_purchased":["Matryoshka","Ghostly Armor","Sentinel","Twin Strike"],"gold_per_floor":[109,109,109,123,138,138,166,166,166,201,214,214,246,261,261,359,359,342,359,372,390,400,400,400,418,443,443,34,49,66,85,85],"floor_reached":33,"campfire_rested":7,"playtime":1316,"current_hp_per_floor":[71,59,59,57,35,59,43,67,67,48,47,71,52,52,78,42,87,73,79,71,62,30,56,48,16,16,42,42,28,14,20,46],"items_purged":[],"gold":85,"score":273,"play_id":"d27bb742-a4dd-4ee1-8312-f94a4169a0c2","is_prod":false,"is_daily":false,"is_ascension_mode":false,"campfire_upgraded":0,"path_taken":["M","?","?","M","M","R","E","R","T","E","?","R","E","M","R","BOSS","M","M","?","M","M","R","?","M","T","R","$","?","M","?","R","BOSS"],"build_version":"2018-02-12-PROD1","purchased_purges":0,"victory":false,"master_deck":["Strike_R","Strike_R","Strike_R","Strike_R","Defend_R","Defend_R","Defend_R","Defend_R","Bash","Demon Form","Sword Boomerang","Rampage","True Grit+1","Flex+1","Shockwave+1","Twin Strike","Sword Boomerang","Impervious+1","Flex+1","Double Tap+1","Dual Wield+1","Clothesline+1","Power Through+1","Inflame","Infernal Blade+1","Flame Barrier+1","Ghostly Armor+1","Sentinel+1","Twin Strike","Pommel Strike","Dual Wield+1","Thunderclap"],"max_hp_per_floor":[80,80,80,80,80,80,80,80,80,80,80,80,87,87,87,87,87,87,87,87,87,87,87,87,87,87,87,87,87,87,87,87],"relics":["Burning Blood","Toxic Egg 2","Oddly Smooth Stone","Ginger","Ornamental Fan","Strawberry","Runic Cube","Art of War","Matryoshka"],"card_choices":[{"not_picked":["Reaper","Thunderclap"],"picked":"Sword Boomerang"},{"not_picked":["Headbutt","Metallicize"],"picked":"True Grit"},{"not_picked":["Clothesline","Sword Boomerang"],"picked":"Flex"},{"not_picked":["Bloodletting","Hemokinesis"],"picked":"Shockwave"},{"not_picked":["Body Slam","Searing Blow"],"picked":"Twin Strike"},{"not_picked":["Clothesline","Pommel Strike"],"picked":"Sword Boomerang"},{"not_picked":["True Grit","Anger"],"picked":"Impervious"},{"not_picked":["Entrench","Heavy Blade"],"picked":"Flex"},{"not_picked":["Reaper","Barricade"],"picked":"Double Tap"},{"not_picked":["Hemokinesis","Armaments"],"picked":"Dual Wield"},{"not_picked":["Combust","Body Slam"],"picked":"Clothesline"},{"not_picked":["Anger","Iron Wave"],"picked":"Power Through"},{"not_picked":["Battle Trance","Warcry"],"picked":"Inflame"},{"not_picked":["Battle Trance","Anger"],"picked":"Infernal Blade"},{"not_picked":["Headbutt","Hemokinesis"],"picked":"Flame Barrier"},{"not_picked":["Clash","Warcry"],"picked":"Pommel Strike"},{"not_picked":["Clash","True Grit"],"picked":"Dual Wield"},{"not_picked":["Clash","Havoc"],"picked":"Thunderclap"}],"player_experience":91389,"potions_floor_usage":[7,10,11,16,20,29,33],"damage_taken":[{"damage":15,"enemies":"Jaw Worm","floor":1,"turns":4},{"damage":8,"enemies":"Small Slimes","floor":4,"turns":3},{"damage":28,"enemies":"Blue Slaver","floor":5,"turns":6},{"damage":34,"enemies":"Gremlin Nob","floor":7,"turns":5},{"damage":25,"enemies":"Lagavulin","floor":10,"turns":5},{"damage":13,"enemies":"2 Fungi Beasts","floor":11,"turns":3},{"damage":32,"enemies":"3 Sentries","floor":13,"turns":7},{"damage":6,"enemies":"Looter","floor":14,"turns":2},{"damage":42,"enemies":"Hexaghost","floor":16,"turns":6},{"damage":20,"enemies":"2 Thieves","floor":18,"turns":4},{"damage":0,"enemies":"Chosen","floor":19,"turns":4},{"damage":14,"enemies":"Snake Plant","floor":20,"turns":5},{"damage":15,"enemies":"Cultist and Chosen","floor":21,"turns":6},{"damage":38,"enemies":"3 Cultists","floor":22,"turns":5},{"damage":38,"enemies":"Centurion and Healer","floor":25,"turns":7},{"damage":20,"enemies":"Sentry and Sphere","floor":29,"turns":6},{"damage":20,"enemies":"3 Cultists","floor":30,"turns":7},{"damage":0,"enemies":"Snake Plant","floor":31,"turns":4},{"damage":71,"enemies":"Collector","floor":33,"turns":12}],"event_choices":[{"event_name":"Scrap Ooze","player_choice":"success","floor":2,"damage_taken":12},{"event_name":"Living Wall","player_choice":"Change","floor":3,"damage_taken":0},{"event_name":"Knowing Skull","player_choice":"","floor":24,"damage_taken":0}],"boss_relics":[{"not_picked":["Question Card","Runic Pyramid"],"picked":"Runic Cube"}],"potions_floor_spawned":[5,7,10,14,19,25,31],"seed_played":"-5305708848772602297","killed_by":"Collector","ascension_level":0,"is_trial":false}