{"path_per_floor":["M","M","?","M","M","E","R","M","T","M","M","R","E","?","R","B",null,"M","M","M","$","?","R","?","M","T","M","M","$","E","?","R","B",null,"M","$","?","M","$"],"character_chosen":"IRONCLAD","items_purchased":["Dead Branch","Finesse","Mind Blast","Whirlwind"],"gold_per_floor":[112,129,129,143,155,186,186,204,204,221,238,238,273,273,273,378,378,396,406,419,7,7,7,7,22,72,85,104,104,137,37,37,138,138,148,148,148,161,25,25],"floor_reached":40,"campfire_rested":2,"playtime":1555,"current_hp_per_floor":[80,80,47,56,63,32,56,45,45,46,46,70,75,75,75,38,80,64,66,78,78,78,78,78,79,79,83,71,71,75,75,75,80,83,70,70,60,39,39,0],"items_purged":[],"gold":25,"score":445,"play_id":"99b985f6-181d-46ef-8c8d-a4e8cde83291","local_time":"20180412231203","is_prod":false,"is_daily":false,"chose_seed":false,"is_ascension_mode":false,"campfire_upgraded":3,"timestamp":1523589123,"path_taken":["M","?","?","M","M","E","R","M","T","?","M","R","E","?","R","BOSS","M","?","M","$","?","R","?","?","T","?","M","?","E","?","R","BOSS","M","$","?","M","$","E"],"build_version":"2018-04-12","seed_source_timestamp":226366323069793,"purchased_purges":1,"victory":false,"master_deck":["Strike_R","Strike_R","Strike_R","Strike_R","Strike_R","Defend_R","Defend_R","Defend_R","Defend_R","Bash","Reckless Charge+1","Rampage","Cleave","Clothesline","Headbutt+1","Uppercut+1","Reaper+1","Power Through","Pommel Strike+1","Demon Form+1","Hemokinesis+1","Twin Strike+1","Pommel Strike+1","Infernal Blade","Shockwave","Metallicize","Iron Wave+1","Sword Boomerang+1","Finesse","Reckless Charge+1","True Grit+1","Barricade","Battle Trance+1","J.A.X.+1","Fiend Fire+1","Heavy Blade+1","Madness","Madness","Spot Weakness","Mind Blast+1","Whirlwind+1"],"max_hp_per_floor":[80,80,80,80,80,80,80,80,80,80,80,80,80,80,80,80,80,80,80,80,80,80,80,80,83,83,83,83,83,83,83,83,83,83,83,83,83,83,83,83],"relics":["Burning Blood","Magic Flower","Molten Egg 2","Smiling Mask","Anchor","Orrery","Dead Branch","Lantern","Torii","Runic Cube"],"card_choices":[{"not_picked":["Anger","Twin Strike"],"picked":"Reckless Charge","floor":1},{"not_picked":["Shrug It Off","Sever Soul"],"picked":"Rampage","floor":2},{"not_picked":["Entrench","Clash"],"picked":"Cleave","floor":4},{"not_picked":["Body Slam","Fiend Fire"],"picked":"Clothesline","floor":5},{"not_picked":["Armaments","Entrench"],"picked":"Headbutt","floor":6},{"not_picked":["Metallicize","Shrug It Off"],"picked":"Uppercut","floor":8},{"not_picked":["Twin Strike","Metallicize"],"picked":"Reaper","floor":10},{"not_picked":["Armaments","Cleave"],"picked":"Power Through","floor":11},{"not_picked":["Rupture","Rampage"],"picked":"Pommel Strike","floor":13},{"not_picked":["Fiend Fire","Limit Break"],"picked":"Demon Form","floor":16},{"not_picked":["Iron Wave","Fire Breathing"],"picked":"Hemokinesis","floor":17},{"not_picked":["Searing Blow","Sever Soul"],"picked":"Twin Strike","floor":17},{"not_picked":["Power Through","Havoc"],"picked":"Pommel Strike","floor":17},{"not_picked":["Spot Weakness","Clash"],"picked":"Infernal Blade","floor":17},{"not_picked":["Havoc","Armaments"],"picked":"Shockwave","floor":17},{"not_picked":["Warcry","Cleave"],"picked":"Metallicize","floor":18},{"not_picked":["True Grit","Whirlwind"],"picked":"Iron Wave","floor":19},{"not_picked":["Clothesline","Ghostly Armor"],"picked":"Sword Boomerang","floor":20},{"not_picked":["Ghostly Armor","Anger"],"picked":"Reckless Charge","floor":25},{"not_picked":["Havoc","Cleave"],"picked":"True Grit","floor":27},{"not_picked":["Whirlwind","Thunderclap"],"picked":"Barricade","floor":28},{"not_picked":["Searing Blow","Warcry"],"picked":"Battle Trance","floor":30},{"not_picked":["Exhume","Feed"],"picked":"Fiend Fire","floor":33},{"not_picked":["Headbutt","Reckless Charge"],"picked":"Heavy Blade","floor":35},{"not_picked":["Burning Pact","Power Through"],"picked":"Spot Weakness","floor":38}],"player_experience":171535,"potions_floor_usage":[5,5,10,16,16,16,19,20,27,30,33,38,40],"damage_taken":[{"damage":6,"enemies":"Cultist","floor":1,"turns":3},{"damage":5,"enemies":"2 Louse","floor":2,"turns":3},{"damage":0,"enemies":"Small Slimes","floor":4,"turns":3},{"damage":2,"enemies":"Blue Slaver","floor":5,"turns":2},{"damage":40,"enemies":"Lagavulin","floor":6,"turns":7},{"damage":20,"enemies":"Gremlin Gang","floor":8,"turns":4},{"damage":8,"enemies":"2 Fungi Beasts","floor":10,"turns":3},{"damage":14,"enemies":"Blue Slaver","floor":11,"turns":3},{"damage":4,"enemies":"Gremlin Nob","floor":13,"turns":3},{"damage":51,"enemies":"Slime Boss","floor":16,"turns":10},{"damage":25,"enemies":"Shell Parasite","floor":18,"turns":5},{"damage":7,"enemies":"Chosen","floor":19,"turns":3},{"damage":15,"enemies":"Snecko","floor":20,"turns":4},{"damage":15,"enemies":"Centurion and Healer","floor":25,"turns":5},{"damage":15,"enemies":"Snake Plant","floor":27,"turns":4},{"damage":21,"enemies":"Snecko","floor":28,"turns":4},{"damage":16,"enemies":"Book of Stabbing","floor":30,"turns":5},{"damage":25,"enemies":"Champ","floor":33,"turns":10},{"damage":22,"enemies":"Orb Walker","floor":35,"turns":4},{"damage":45,"enemies":"3 Darklings","floor":38,"turns":6},{"damage":66,"enemies":"2 Orb Walkers","floor":40,"turns":4}],"event_choices":[{"event_name":"Scrap Ooze","player_choice":"success","floor":3,"damage_taken":33},{"event_name":"The Lab","player_choice":"Got Potions","floor":14,"damage_taken":0},{"event_name":"Beggar","player_choice":"Ignored","floor":22,"damage_taken":0},{"event_name":"Addict","player_choice":"Ignored","floor":24,"damage_taken":0},{"event_name":"Drug Dealer","player_choice":"Got JAXXED","floor":31,"damage_taken":0},{"event_name":"Winding Halls","player_choice":"Embrace Madness","floor":37,"damage_taken":0}],"boss_relics":[{"not_picked":["White Beast Statue","Black Star"],"picked":"Orrery"},{"not_picked":["Astrolabe","Snecko Eye"],"picked":"Runic Cube"}],"potions_floor_spawned":[2,4,8,13,18,19,25,28,30,35,38],"seed_played":"-664686889720004310","killed_by":"2 Orb Walkers","ascension_level":0,"is_trial":false}