{"path_per_floor":["M","$","?","$","M","R","M","R","T","R","$","R","M","?","R","B",null,"M","M","?","M","$","E","?","M","T","M","R"],"character_chosen":"THE_SILENT","items_purchased":["Ornamental Fan","Jack Of All Trades","Strength Potion"],"gold_per_floor":[364,16,16,16,36,36,55,55,79,79,79,79,93,93,93,194,194,212,230,230,244,119,154,154,173,173,186,186],"floor_reached":29,"campfire_rested":1,"playtime":1940,"current_hp_per_floor":[63,63,56,56,56,56,56,56,56,56,56,56,39,39,57,35,63,62,46,30,4,4,20,41,12,12,12,12],"items_purged":["Strike_G"],"gold":186,"play_id":"5e8a8e3d-e33e-4fb6-8249-7b63224f19df","is_prod":false,"is_daily":false,"is_ascension_mode":false,"campfire_upgraded":5,"path_taken":["M","$","?","$","M","R","M","R","T","R","?","R","?","?","R","BOSS","M","M","?","M","$","E","?","M","T","?","R","M"],"build_version":"2018-01-25-PROD3","purchased_purges":2,"victory":false,"master_deck":["Defend_G","Defend_G","Defend_G","Defend_G","Strike_G","Strike_G","Strike_G","Survivor","Neutralize","Endless Agony+1","Jack Of All Trades+1","Caltrops+1","Blade Dance+1","A Thousand Cuts","Backflip","Necronomicurse","Escape Plan","Dash","Distraction+1"],"max_hp_per_floor":[63,63,63,63,63,63,63,63,63,63,63,63,63,63,63,63,63,63,63,63,63,63,63,63,63,63,63,63],"relics":["Ring of the Snake","Ornamental Fan","Pen Nib","Lizard Tail","Necronomicon","Blue Candle","Torii"],"card_choices":[{"not_picked":["Escape Plan","Dodge and Roll"],"picked":"Endless Agony"},{"not_picked":["Dagger Throw","Quick Slash"],"picked":"Caltrops"},{"not_picked":["Dagger Spray","Heel Hook"],"picked":"Blade Dance"},{"not_picked":["Doppelganger","Corpse Explosion"],"picked":"A Thousand Cuts"},{"not_picked":["Deadly Poison","Deflect"],"picked":"Backflip"},{"not_picked":["Bouncing Flask","Slice"],"picked":"Escape Plan"},{"not_picked":["Acrobatics","Bouncing Flask"],"picked":"Dash"},{"not_picked":["Backflip","Dagger Throw"],"picked":"Distraction"}],"player_experience":65762,"potions_floor_usage":[21,21,23,23,23,29],"damage_taken":[{"damage":0,"enemies":"Jaw Worm","floor":1,"turns":6},{"damage":0,"enemies":"2 Louse","floor":5,"turns":2},{"damage":0,"enemies":"Cultist","floor":7,"turns":4},{"damage":17,"enemies":"Exordium Thugs","floor":13,"turns":4},{"damage":22,"enemies":"Slime Boss","floor":16,"turns":11},{"damage":1,"enemies":"3 Byrds","floor":18,"turns":3},{"damage":16,"enemies":"2 Thieves","floor":19,"turns":2},{"damage":26,"enemies":"3 Cultists","floor":21,"turns":6},{"damage":16,"enemies":"Book of Stabbing","floor":23,"turns":4},{"damage":29,"enemies":"Snake Plant","floor":25,"turns":5},{"damage":0,"enemies":"Centurion and Healer","floor":27,"turns":7},{"damage":16,"enemies":"Snecko","floor":29,"turns":3}],"event_choices":[{"event_name":"Golden Wing","player_choice":"Card Removal","floor":3,"damage_taken":0},{"event_name":"Purifier","player_choice":"One Purge","floor":14,"damage_taken":0},{"event_name":"Cursed Tome","player_choice":"Obtained Book","floor":20,"damage_taken":0},{"event_name":"The Library","player_choice":"Heal","floor":24,"damage_taken":0}],"boss_relics":[{"not_picked":["White Beast Statue","Sozu"],"picked":"Lizard Tail"}],"potions_floor_spawned":[1,16,18,21,23],"seed_played":"1496382881068505018","killed_by":"Snecko","ascension_level":0,"is_trial":false}