{"path_per_floor":["M","?","M","?","?","R","E","R","T","?","M","M","M","$","R","B",null,"M","$","M","?","?","M","M","R","T","M","R","$","$","M","R","B",null,"M","?","M","?","?","R","$","M","T","M","?","M","T","M","R","B"],"character_chosen":"THE_SILENT","items_purchased":["Accuracy","Cloak And Dagger","Blood Vial","Infinite Blades","Paper Crane","Lantern"],"gold_per_floor":[118,118,128,128,203,203,233,233,233,233,247,267,278,0,0,98,98,113,40,58,58,308,321,337,337,337,353,353,28,28,43,43,140,140,155,155,169,169,169,169,21,40,91,101,101,112,412,432,432,432],"floor_reached":51,"campfire_rested":3,"playtime":4372,"current_hp_per_floor":[70,70,68,68,57,57,43,43,43,43,43,32,30,30,30,16,70,52,52,36,36,36,22,7,28,49,36,36,36,36,11,38,37,91,91,91,76,65,65,65,65,37,37,8,8,10,10,6,33,9],"items_purged":["Eviscerate"],"gold":432,"score":550,"play_id":"8370c454-218d-475f-ac97-c7d0f7e0ef80","is_prod":false,"is_daily":false,"is_ascension_mode":false,"campfire_upgraded":5,"path_taken":["M","?","?","?","?","R","E","R","T","?","?","M","M","$","R","BOSS","M","$","?","?","?","M","M","R","T","M","R","?","$","M","R","BOSS","M","?","M","?","?","R","?","M","T","?","?","M","?","M","R","BOSS"],"build_version":"2018-02-08-PROD1","purchased_purges":1,"victory":true,"master_deck":["Survivor","Neutralize+1","Skewer","Footwork+1","Caltrops","Terror","Heel Hook","Accuracy+1","Cloak And Dagger+1","Wraith Form","Outmaneuver+1","Cloak And Dagger","Prepared","Distraction","Choke","Sucker Punch","Dash","Infinite Blades","Infinite Blades","Deflect","Cloak And Dagger","Backflip+1","Dodge and Roll","Well Laid Plans+1","Footwork+1","Burst","Footwork+1","Madness","Madness","Dodge and Roll+1","Footwork+1","Footwork+1","Footwork+1"],"max_hp_per_floor":[70,70,70,70,70,70,70,70,70,70,70,70,70,70,70,70,70,70,70,70,70,70,70,70,70,91,91,91,91,91,91,91,91,91,91,91,91,91,91,91,91,91,91,91,91,91,91,91,91,91],"relics":["Ring of the Snake","Omamori","Dream Catcher","Ice Cream","Prayer Wheel","Blood Vial","Pandora\u0027s Box","Matryoshka","Strawberry","Mango","Paper Crane","Lizard Tail","Lantern","Ornamental Fan","Pen Nib","Old Coin"],"card_choices":[{"not_picked":["Cloak And Dagger","Well Laid Plans"],"picked":"Footwork"},{"not_picked":["Crippling Poison","Underhanded Strike"],"picked":"Caltrops"},{"not_picked":["Quick Slash","Corpse Explosion"],"picked":"Terror"},{"not_picked":["Outmaneuver","Flying Knee"],"picked":"Heel Hook"},{"not_picked":["Doppelganger","Bullet Time"],"picked":"Wraith Form"},{"not_picked":["Bouncing Flask","Dodge and Roll"],"picked":"Infinite Blades"},{"not_picked":["Deadly Poison","Bane"],"picked":"Deflect"},{"not_picked":["Crippling Poison","Expertise"],"picked":"Cloak And Dagger"},{"not_picked":["Heel Hook","Footwork"],"picked":"Backflip"},{"not_picked":["Acrobatics","Endless Agony"],"picked":"Dodge and Roll"},{"not_picked":["Night Terror","Dagger Spray"],"picked":"Well Laid Plans"},{"not_picked":["Deflect","Backflip"],"picked":"Footwork"},{"not_picked":["Unload","Glass Knife"],"picked":"Burst"},{"not_picked":["Dodge and Roll","All Out Attack"],"picked":"Footwork"},{"not_picked":["Catalyst","Escape Plan"],"picked":"Dodge and Roll"},{"not_picked":["Deadly Poison","Well Laid Plans"],"picked":"Footwork"},{"not_picked":["Expertise","Outmaneuver"],"picked":"Footwork"},{"not_picked":["Deadly Poison","Dagger Throw"],"picked":"Footwork"}],"player_experience":179857,"potions_floor_usage":[16,20,23,31,33,33,42,48,50],"damage_taken":[{"damage":0,"enemies":"Small Slimes","floor":1,"turns":3},{"damage":2,"enemies":"Blue Slaver","floor":3,"turns":6},{"damage":14,"enemies":"Lagavulin","floor":7,"turns":10},{"damage":0,"enemies":"Jaw Worm","floor":11,"turns":3},{"damage":11,"enemies":"Lots of Slimes","floor":12,"turns":5},{"damage":2,"enemies":"2 Fungi Beasts","floor":13,"turns":5},{"damage":16,"enemies":"Slime Boss","floor":16,"turns":7},{"damage":18,"enemies":"Shell Parasite","floor":18,"turns":6},{"damage":24,"enemies":"Spheric Guardian","floor":20,"turns":5},{"damage":16,"enemies":"Snake Plant","floor":23,"turns":5},{"damage":17,"enemies":"Centurion and Healer","floor":24,"turns":7},{"damage":15,"enemies":"Snecko","floor":27,"turns":5},{"damage":27,"enemies":"Cultist and Chosen","floor":31,"turns":7},{"damage":3,"enemies":"Automaton","floor":33,"turns":9},{"damage":0,"enemies":"3 Darklings","floor":35,"turns":8},{"damage":15,"enemies":"Orb Walker","floor":37,"turns":6},{"damage":45,"enemies":"Sphere and 2 Shapes","floor":42,"turns":8},{"damage":31,"enemies":"4 Shapes","floor":44,"turns":10},{"damage":0,"enemies":"Maw","floor":46,"turns":9},{"damage":6,"enemies":"Sphere and 2 Shapes","floor":48,"turns":8},{"damage":26,"enemies":"Time Eater","floor":50,"turns":15}],"event_choices":[{"event_name":"Transmorgrifier","player_choice":"Transform","floor":2,"damage_taken":0},{"event_name":"The Cleric","player_choice":"Leave","floor":4,"damage_taken":0},{"event_name":"World of Goop","player_choice":"Gather Gold","floor":5,"damage_taken":0},{"event_name":"Big Fish","player_choice":"Box","floor":10,"damage_taken":0},{"event_name":"Accursed Blacksmith","player_choice":"Rummage","floor":21,"damage_taken":0},{"event_name":"Golden Shrine","player_choice":"Desecrate","floor":22,"damage_taken":0},{"event_name":"Winding Halls","player_choice":"Embrace Madness","floor":38,"damage_taken":0},{"event_name":"Tomb of Lord Red Mask","player_choice":"Ignored","floor":39,"damage_taken":0},{"event_name":"Mysterious Sphere","player_choice":"Ignore","floor":45,"damage_taken":0}],"boss_relics":[{"not_picked":["White Beast Statue","Runic Pyramid"],"picked":"Pandora\u0027s Box"},{"not_picked":["Philosopher\u0027s Stone","Black Star"],"picked":"Lizard Tail"}],"potions_floor_spawned":[7,12,16,18,23,24,33,42,44],"seed_played":"-6223726430215974116","ascension_level":0,"is_trial":false}