{"path_per_floor":["M","M","?","M","?","R","?","$","T","$","M","M","R","M","R","B",null,"M","?","$","?","M","R","E","R","T","M","?","$","M","M","R"],"character_chosen":"THE_SILENT","items_purchased":["Accuracy","Anchor","Footwork","Terror","Pen Nib","Vajra"],"gold_per_floor":[112,132,307,322,322,322,322,27,27,27,46,64,64,84,84,179,179,195,195,14,14,28,28,58,58,358,377,377,11,27,45,45],"floor_reached":33,"campfire_rested":2,"playtime":1292,"current_hp_per_floor":[68,68,68,68,54,54,54,54,54,54,54,54,54,52,52,26,70,70,57,57,57,56,56,26,48,48,30,30,30,28,2,24],"items_purged":["Doubt","Strike_G"],"gold":45,"score":257,"play_id":"23aca769-853f-4a64-af91-3e4017f574ef","is_prod":false,"is_daily":false,"is_ascension_mode":false,"campfire_upgraded":4,"path_taken":["M","M","?","M","?","R","?","$","T","?","?","M","R","M","R","BOSS","M","?","?","?","M","R","E","R","T","?","?","$","M","M","R","BOSS"],"build_version":"2018-02-15-PROD1","purchased_purges":2,"victory":false,"master_deck":["Defend_G","Defend_G","Defend_G","Defend_G","Defend_G","Strike_G","Strike_G","Strike_G","Strike_G+1","Survivor+1","Neutralize+1","Choke+1","Prepared","Cloak And Dagger+1","Accuracy+1","Burst","Blur","Burst","Footwork+1","Dodge and Roll+1","Choke+1","Blade Dance","Terror","Cloak And Dagger"],"max_hp_per_floor":[70,70,70,70,70,70,70,70,70,70,70,70,70,70,70,70,70,70,75,75,75,75,75,75,75,75,75,75,75,75,75,75],"relics":["Ring of the Snake","Anchor","Torii","Black Star","Art of War","Bronze Scales","Old Coin","Pen Nib","Vajra"],"card_choices":[{"not_picked":["Flying Knee","Calculated Gamble"],"picked":"Choke"},{"not_picked":["Backflip","Slice"],"picked":"Prepared"},{"not_picked":["Endless Agony","PiercingWail"],"picked":"Cloak And Dagger"},{"not_picked":["Noxious Fumes","Finisher"],"picked":"Burst"},{"not_picked":["Outmaneuver","Bane"],"picked":"Blur"},{"not_picked":["Grand Finale","Phantasmal Killer"],"picked":"Burst"},{"not_picked":["Endless Agony","Sucker Punch"],"picked":"Dodge and Roll"},{"not_picked":["Outmaneuver","Leg Sweep"],"picked":"Choke"},{"not_picked":["Slice","PiercingWail"],"picked":"Blade Dance"},{"not_picked":["Masterful Stab","Outmaneuver"],"picked":"Cloak And Dagger"}],"player_experience":203208,"potions_floor_usage":[18,22,24,33,33],"damage_taken":[{"damage":2,"enemies":"Small Slimes","floor":1,"turns":6},{"damage":0,"enemies":"Jaw Worm","floor":2,"turns":3},{"damage":0,"enemies":"2 Louse","floor":4,"turns":3},{"damage":0,"enemies":"Large Slime","floor":11,"turns":5},{"damage":0,"enemies":"Looter","floor":12,"turns":3},{"damage":2,"enemies":"3 Louse","floor":14,"turns":4},{"damage":26,"enemies":"The Guardian","floor":16,"turns":16},{"damage":0,"enemies":"3 Byrds","floor":18,"turns":9},{"damage":1,"enemies":"Shell Parasite","floor":22,"turns":6},{"damage":30,"enemies":"Slavers","floor":24,"turns":13},{"damage":18,"enemies":"3 Cultists","floor":27,"turns":7},{"damage":2,"enemies":"Snake Plant","floor":30,"turns":5},{"damage":26,"enemies":"Cultist and Chosen","floor":31,"turns":7},{"damage":27,"enemies":"Collector","floor":33,"turns":2}],"event_choices":[{"event_name":"Liars Game","player_choice":"agreed","floor":3,"damage_taken":0},{"event_name":"Shining Light","player_choice":"Entered Light","floor":5,"damage_taken":0},{"event_name":"Living Wall","player_choice":"Grow","floor":7,"damage_taken":0},{"event_name":"Forgotten Altar","player_choice":"Shed Blood","floor":19,"damage_taken":0},{"event_name":"Vampires","player_choice":"Ignored","floor":21,"damage_taken":0},{"event_name":"Drug Dealer","player_choice":"Ignored","floor":28,"damage_taken":0}],"boss_relics":[{"not_picked":["Orrery","Philosopher\u0027s Stone"],"picked":"Black Star"}],"potions_floor_spawned":[1,12,16,18,24,30,31],"seed_played":"7888358984011450829","killed_by":"Collector","ascension_level":0,"is_trial":false}