{"path_per_floor":["M","?","?","M","$","R","M","R","T","?","M","R","M","$","R","B",null,"M","$","?","$","?","R","M","M","T","?","?","M","M","$","R","B",null,"M","M","?","$","?","E","R","E","T","M","R","M","R","M","R"],"character_chosen":"THE_SILENT","items_purchased":["Well Laid Plans","Omamori","Caltrops","Caltrops","Caltrops"],"gold_per_floor":[112,187,187,207,94,94,118,118,118,118,136,136,152,0,0,131,131,155,80,80,2,2,2,15,29,29,29,29,49,65,65,65,163,163,182,197,197,22,122,151,151,182,207,220,220,235,235,246,246],"floor_reached":50,"campfire_rested":0,"playtime":3196,"current_hp_per_floor":[70,59,42,42,42,42,42,42,42,65,64,64,64,64,64,14,70,57,57,57,57,57,57,49,44,44,44,44,46,43,43,43,29,70,70,70,61,61,66,39,39,36,41,46,46,50,50,41,41],"items_purged":["Strike_G","Tactician"],"gold":246,"score":440,"play_id":"7f2ccf84-2c53-4d77-af56-52de7d6f3ec9","is_prod":false,"is_daily":false,"is_ascension_mode":false,"campfire_upgraded":10,"path_taken":["M","?","?","M","$","R","M","R","T","?","?","R","M","$","R","BOSS","M","$","?","$","?","R","?","M","T","?","?","M","M","?","R","BOSS","M","M","?","$","?","E","R","E","T","?","R","?","R","M","R","BOSS"],"build_version":"2018-02-22-PROD2","purchased_purges":2,"victory":false,"master_deck":["Defend_G+1","Defend_G+1","Defend_G+1","Defend_G+1","Strike_G+1","Strike_G+1","Survivor","Neutralize+1","Terror+1","Backflip","Well Laid Plans","Riddle With Holes+1","Malaise+1","Doppelganger+1","Caltrops+1","Caltrops+1","Escape Plan","Malaise+1","PiercingWail+1","Reflex+1","Adrenaline+1","Calculated Gamble+1","Madness+1","Madness","Caltrops+1","Cloak And Dagger+1","Terror+1","Accuracy+1"],"max_hp_per_floor":[70,70,70,70,70,70,70,70,70,70,70,70,70,70,70,70,70,70,70,70,70,70,70,70,70,70,70,70,70,70,70,70,70,70,70,70,70,70,70,70,70,70,70,70,70,70,70,70,70],"relics":["Ring of the Snake","Bloody Idol","Whetstone","Omamori","Cursed Key","Pantograph","Astrolabe","Happy Flower","Vajra","Dream Catcher"],"card_choices":[{"not_picked":["Bane","Deflect"],"picked":"Backflip"},{"not_picked":["Eviscerate","Quick Slash"],"picked":"Riddle With Holes"},{"not_picked":["Quick Slash","Backflip"],"picked":"Malaise"},{"not_picked":["Storm of Steel","Corpse Explosion"],"picked":"Doppelganger"},{"not_picked":["Deflect","Dagger Spray"],"picked":"Escape Plan"},{"not_picked":["Dagger Throw","Predator"],"picked":"Dodge and Roll"},{"not_picked":["Bullet Time","Grand Finale"],"picked":"Tactician"},{"not_picked":["Backflip","PiercingWail"],"picked":"Calculated Gamble"},{"not_picked":["Outmaneuver","Well Laid Plans"],"picked":"Cloak And Dagger"},{"not_picked":["Calculated Gamble","Endless Agony"],"picked":"Terror"},{"not_picked":["Choke","Poisoned Stab"],"picked":"Accuracy"}],"player_experience":231306,"potions_floor_usage":[50,50,50],"damage_taken":[{"damage":0.0,"enemies":"Small Slimes","floor":1.0,"turns":3.0},{"damage":0.0,"enemies":"2 Louse","floor":4.0,"turns":4.0},{"damage":0.0,"enemies":"Cultist","floor":7.0,"turns":3.0},{"damage":1.0,"enemies":"2 Fungi Beasts","floor":11.0,"turns":3.0},{"damage":0.0,"enemies":"Large Slime","floor":13.0,"turns":4.0},{"damage":50.0,"enemies":"Slime Boss","floor":16.0,"turns":14.0},{"damage":13.0,"enemies":"Spheric Guardian","floor":18.0,"turns":7.0},{"damage":13.0,"enemies":"3 Byrds","floor":24.0,"turns":4.0},{"damage":10.0,"enemies":"3 Cultists","floor":25.0,"turns":6.0},{"damage":3.0,"enemies":"Chosen and Byrds","floor":29.0,"turns":7.0},{"damage":8,"enemies":"Centurion and Healer","floor":30,"turns":7},{"damage":44,"enemies":"Champ","floor":33,"turns":19},{"damage":5,"enemies":"3 Shapes","floor":35,"turns":7},{"damage":1,"enemies":"Orb Walker","floor":36,"turns":5},{"damage":32,"enemies":"Nemesis","floor":40,"turns":11},{"damage":8,"enemies":"Giant Head","floor":42,"turns":10},{"damage":0,"enemies":"Maw","floor":44,"turns":10},{"damage":1,"enemies":"4 Shapes","floor":46,"turns":12},{"damage":14,"enemies":"Sphere and 2 Shapes","floor":48,"turns":8},{"damage":70,"enemies":"Donu and Deca","floor":50,"turns":5}],"event_choices":[{"event_name":"World of Goop","player_choice":"Gather Gold","floor":2.0,"damage_taken":0.0},{"event_name":"Golden Idol","player_choice":"Take Damage","floor":3.0,"damage_taken":0.0},{"event_name":"Big Fish","player_choice":"Banana","floor":10.0,"damage_taken":0.0},{"event_name":"Addict","player_choice":"Ignored","floor":20.0,"damage_taken":0.0},{"event_name":"Forgotten Altar","player_choice":"Gave Idol","floor":22.0,"damage_taken":0.0},{"event_name":"Duplicator","player_choice":"One dupe","floor":27.0,"damage_taken":0.0},{"event_name":"Back to Basics","player_choice":"Simplicity","floor":28.0,"damage_taken":0.0},{"event_name":"Winding Halls","player_choice":"Embrace Madness","floor":37,"damage_taken":0},{"event_name":"Golden Shrine","player_choice":"Pray","floor":39,"damage_taken":0}],"boss_relics":[{"not_picked":["The Specimen","Lizard Tail"],"picked":"Astrolabe"}],"potions_floor_spawned":[1,13,24,30,35,40,44],"seed_played":"-2249694686938103994","killed_by":"Donu and Deca","ascension_level":0,"is_trial":false}