{"path_per_floor":["M","?","?","M","$","M","$","R","T","M","M","R","M","E","R","B",null,"M","M","?","M","?","M","E","R","T","?","E","M"],"character_chosen":"IRONCLAD","items_purchased":["Master of Strategy"],"gold_per_floor":[112,112,187,210,20,41,41,41,111,134,150,150,168,209,209,330,330,351,364,264,280,280,305,339,339,339,539,572,587],"floor_reached":30,"campfire_rested":3,"playtime":2141,"current_hp_per_floor":[79,63,52,57,57,62,62,62,62,68,61,80,80,57,80,22,80,68,74,74,62,62,37,34,58,58,58,20,10],"items_purged":[],"gold":587,"play_id":"b1370383-5655-44b3-84aa-6ecfeff51c2d","is_prod":false,"is_daily":false,"campfire_rituals":0,"campfire_upgraded":1,"is_hardmode":false,"path_taken":["M","?","?","M","?","?","$","R","T","M","M","R","?","E","R","BOSS","M","M","?","M","?","M","E","R","T","?","E","M","M"],"build_version":"2017-12-21-PROD1","purchased_purges":0,"victory":false,"master_deck":["Strike_R","Strike_R","Strike_R","Strike_R","Strike_R","Defend_R","Defend_R","Defend_R","Defend_R","Bash","Iron Wave","Iron Wave","Headbutt","Master of Strategy","Inflame","Cleave","Perfected Strike","Shrug It Off","Flex","Double Tap","Armaments","Iron Wave","J.A.X.","Uppercut","Thunderclap","Parasite","Iron Wave","Infernal Blade"],"max_hp_per_floor":[80,80,80,80,80,80,80,80,80,80,80,80,80,80,80,80,80,80,80,80,80,80,80,80,80,80,80,80,80],"relics":["Burning Blood","Golden Idol","Kunai","Anchor","Cursed Key","Dodecahedron","Charon\u0027s Ashes","Blood Vial"],"campfire_meditates":0,"card_choices":[{"not_picked":["Warcry","Disarm"],"picked":"Iron Wave"},{"not_picked":["Heavy Blade","Shrug It Off"],"picked":"Iron Wave"},{"not_picked":["True Grit","Heavy Blade"],"picked":"Headbutt"},{"not_picked":["Metallicize","Dual Wield"],"picked":"Inflame"},{"not_picked":["Evolve","Perfected Strike"],"picked":"Cleave"},{"not_picked":["Dual Wield","Dark Embrace"],"picked":"Perfected Strike"},{"not_picked":["Hemokinesis","Shockwave"],"picked":"Shrug It Off"},{"not_picked":["Iron Wave","Sword Boomerang"],"picked":"Flex"},{"not_picked":["Berserk","Demon Form"],"picked":"Double Tap"},{"not_picked":["Second Wind","Shockwave"],"picked":"Armaments"},{"not_picked":["True Grit","Fire Breathing"],"picked":"Iron Wave"},{"not_picked":["Pummel","Dual Wield"],"picked":"Uppercut"},{"not_picked":["Hemokinesis","Sword Boomerang"],"picked":"Thunderclap"},{"not_picked":["Brutality","Dual Wield"],"picked":"Iron Wave"},{"not_picked":["Havoc","Heavy Blade"],"picked":"Infernal Blade"}],"player_experience":32532,"potions_floor_usage":[16,19,23,24,24,24,29,30],"damage_taken":[{"damage":7,"enemies":"Looter","floor":1,"turns":5},{"damage":1,"enemies":"Cultist","floor":4,"turns":3},{"damage":1,"enemies":"Jaw Worm","floor":6,"turns":3},{"damage":0,"enemies":"Large Slime","floor":10,"turns":4},{"damage":13,"enemies":"3 Louse","floor":11,"turns":3},{"damage":4,"enemies":"Exordium Wildlife","floor":13,"turns":3},{"damage":29,"enemies":"3 Sentries","floor":14,"turns":6},{"damage":64,"enemies":"Hexaghost","floor":16,"turns":10},{"damage":18,"enemies":"Chosen","floor":18,"turns":4},{"damage":0,"enemies":"Shell Parasite","floor":19,"turns":5},{"damage":18,"enemies":"Centurion and Healer","floor":21,"turns":6},{"damage":31,"enemies":"Snake Plant","floor":23,"turns":6},{"damage":9,"enemies":"Slavers","floor":24,"turns":5},{"damage":44,"enemies":"Gremlin Leader","floor":28,"turns":7},{"damage":18,"enemies":"Sentry and Sphere","floor":29,"turns":6},{"damage":19,"enemies":"Snecko","floor":30,"turns":4}],"event_choices":[{"event_name":"Golden Idol","player_choice":"Take Damage","floor":2,"damage_taken":0},{"event_name":"World of Goop","player_choice":"Gather Gold","floor":3,"damage_taken":0},{"event_name":"Drug Dealer","player_choice":"Got JAXXED","floor":20,"damage_taken":0},{"event_name":"The Lab","player_choice":"Got Potions","floor":22,"damage_taken":0},{"event_name":"Wheel of Change","player_choice":"Gold","floor":27,"damage_taken":0}],"boss_relics":[{"not_picked":["Lizard Tail","Runic Cube"],"picked":"Cursed Key"}],"potions_floor_spawned":[4,10,11,18,23,28,29],"seed_played":"-2189398802104089035","killed_by":"Snecko","is_trial":false}