{"path_per_floor":["M","M","?","?","T","E","R","E","T","R","M","$","M","M","R","B",null,"M","M","$","?","M","E","M","R","T","M","E","R","?","$","R"],"character_chosen":"IRONCLAD","items_purchased":["Jack Of All Trades","Dramatic Entrance","Anchor","Flash of Steel"],"gold_per_floor":[110,125,125,75,75,103,103,138,138,138,151,45,61,77,77,181,181,198,213,111,111,125,159,177,177,204,214,244,244,244,6,6],"floor_reached":33,"campfire_rested":4,"playtime":2173,"current_hp_per_floor":[80,70,70,70,70,45,69,51,51,75,74,74,74,80,80,16,80,76,51,51,51,36,29,32,48,48,56,51,51,36,36,54],"items_purged":[],"gold":6,"play_id":"8cfed2cb-a19a-4f68-bc10-977c4495ecec","is_prod":false,"is_daily":false,"campfire_rituals":0,"campfire_upgraded":2,"is_hardmode":false,"path_taken":["M","M","?","?","?","E","R","E","T","R","M","$","M","M","R","BOSS","M","M","$","?","M","E","M","R","T","M","E","R","?","$","R","BOSS"],"build_version":"2017-12-21-PROD1","purchased_purges":0,"victory":false,"master_deck":["Bash","Exhume","Infernal Blade","Cleave","Pommel Strike","Seeing Red","Flex","Jack Of All Trades","Sword Boomerang","Anger","Double Tap","Infernal Blade","Impervious","Burning Pact","Inflame","Dramatic Entrance","Bite_R","Bite_R","Bite_R","Bite_R","Bite_R","Shrug It Off","Reaper","Blood for Blood","Blood for Blood","Spot Weakness","Flash of Steel"],"max_hp_per_floor":[80,80,80,80,80,80,80,80,80,80,80,80,80,80,80,80,80,80,80,80,56,56,56,56,56,56,56,56,56,61,61,61],"relics":["Burning Blood","Blue Candle","War Paint","Prayer Wheel","Red Skull","Astrolabe","Thread and Needle","Oddly Smooth Stone","Pantograph","Anchor"],"campfire_meditates":0,"card_choices":[{"not_picked":["Clothesline","Body Slam"],"picked":"Infernal Blade"},{"not_picked":["Twin Strike","Clash"],"picked":"Cleave"},{"not_picked":["Combust","Rage"],"picked":"Pommel Strike"},{"not_picked":["Shrug It Off","Battle Trance"],"picked":"Seeing Red"},{"not_picked":["Whirlwind","Dark Embrace"],"picked":"Flex"},{"not_picked":["Pummel","Whirlwind"],"picked":"Sword Boomerang"},{"not_picked":["Twin Strike","Sever Soul"],"picked":"Anger"},{"not_picked":["Dark Embrace","Brutality"],"picked":"Bludgeon"},{"not_picked":["Havoc","True Grit"],"picked":"Burning Pact"},{"not_picked":["Metallicize","Anger"],"picked":"Inflame"},{"not_picked":["Rupture","Pommel Strike"],"picked":"Shrug It Off"},{"not_picked":["Havoc","Perfected Strike"],"picked":"Reaper"},{"not_picked":["Wild Strike","Hemokinesis"],"picked":"Blood for Blood"},{"not_picked":["Iron Wave","Wild Strike"],"picked":"Blood for Blood"},{"not_picked":["Iron Wave","Power Through"],"picked":"Spot Weakness"}],"player_experience":43066,"potions_floor_usage":[6,16,16,27,28,33],"damage_taken":[{"damage":5,"enemies":"Jaw Worm","floor":1,"turns":5},{"damage":18,"enemies":"Blue Slaver","floor":2,"turns":4},{"damage":31,"enemies":"Lagavulin","floor":6,"turns":5},{"damage":24,"enemies":"3 Sentries","floor":8,"turns":5},{"damage":7,"enemies":"Looter","floor":11,"turns":3},{"damage":6,"enemies":"Exordium Wildlife","floor":13,"turns":4},{"damage":0,"enemies":"Large Slime","floor":14,"turns":3},{"damage":70,"enemies":"The Guardian","floor":16,"turns":7},{"damage":10,"enemies":"Spheric Guardian","floor":18,"turns":3},{"damage":31,"enemies":"3 Byrds","floor":19,"turns":5},{"damage":32,"enemies":"Snecko","floor":22,"turns":5},{"damage":27,"enemies":"Gremlin Leader","floor":23,"turns":5},{"damage":5,"enemies":"Snake Plant","floor":24,"turns":3},{"damage":4,"enemies":"Chosen and Byrds","floor":27,"turns":4},{"damage":13,"enemies":"Book of Stabbing","floor":28,"turns":3},{"damage":93,"enemies":"Champ","floor":33,"turns":10}],"event_choices":[{"event_name":"Transmorgrifier","player_choice":"Transform","floor":3,"damage_taken":0},{"event_name":"The Cleric","player_choice":"Card Removal","floor":4,"damage_taken":0},{"event_name":"Vampires","player_choice":"Became a vampire","floor":21,"damage_taken":0},{"event_name":"Forgotten Altar","player_choice":"Shed Blood","floor":30,"damage_taken":0}],"boss_relics":[{"not_picked":["Sozu","Lizard Tail"],"picked":"Astrolabe"}],"potions_floor_spawned":[2,8,13,14,18,24,28],"seed_played":"3512355122003694072","killed_by":"Champ","is_trial":false}