{"path_per_floor":["M","?","M","M","M","E","?","M","T","E","R","M","?","M","R"],"character_chosen":"IRONCLAD","items_purchased":[],"gold_per_floor":[117,117,133,145,160,190,250,265,265,292,292,306,306,317,317],"floor_reached":16,"campfire_rested":1,"playtime":1704,"current_hp_per_floor":[75,75,74,78,73,64,36,31,31,31,70,72,65,71,71],"items_purged":[],"gold":317,"play_id":"b9909553-f3cd-4335-a37b-27f1d18f687b","is_prod":false,"is_daily":false,"campfire_rituals":0,"campfire_upgraded":1,"is_hardmode":false,"path_taken":["M","?","M","M","M","E","?","?","T","E","R","M","?","M","R","BOSS"],"build_version":"2017-12-21-PROD1","purchased_purges":0,"victory":false,"master_deck":["Strike_R","Strike_R","Strike_R","Strike_R","Strike_R","Defend_R","Defend_R","Defend_R","Bash","Power Through","Iron Wave","Rampage","Metallicize","Shrug It Off","Body Slam","Rage","Perfected Strike","Metallicize"],"max_hp_per_floor":[80,80,80,80,80,80,80,80,80,80,80,80,80,80,80],"relics":["Burning Blood","Self Forming Clay","Toolbox","Regal Pillow","Pantograph"],"campfire_meditates":0,"card_choices":[{"not_picked":["Evolve","Clash"],"picked":"Power Through"},{"not_picked":["Clothesline","Clash"],"picked":"Iron Wave"},{"not_picked":["Body Slam","Headbutt"],"picked":"Rampage"},{"not_picked":["Flame Barrier","True Grit"],"picked":"Metallicize"},{"not_picked":["Perfected Strike","Anger"],"picked":"Shrug It Off"},{"not_picked":["Power Through","Headbutt"],"picked":"Body Slam"},{"not_picked":["Spot Weakness","Wild Strike"],"picked":"Rage"},{"not_picked":["Twin Strike","Fiend Fire"],"picked":"Perfected Strike"},{"not_picked":["True Grit","Thunderclap"],"picked":"Metallicize"}],"player_experience":21162,"potions_floor_usage":[],"damage_taken":[{"damage":11,"enemies":"Jaw Worm","floor":1,"turns":6},{"damage":7,"enemies":"Blue Slaver","floor":3,"turns":4},{"damage":2,"enemies":"Looter","floor":4,"turns":4},{"damage":11,"enemies":"3 Louse","floor":5,"turns":4},{"damage":15,"enemies":"Gremlin Nob","floor":6,"turns":5},{"damage":34,"enemies":"Lagavulin Event","floor":7,"turns":9},{"damage":11,"enemies":"Exordium Thugs","floor":8,"turns":4},{"damage":6,"enemies":"3 Sentries","floor":10,"turns":10},{"damage":4,"enemies":"Gremlin Gang","floor":12,"turns":8},{"damage":0,"enemies":"3 Louse","floor":14,"turns":4},{"damage":81,"enemies":"Hexaghost","floor":16,"turns":14}],"event_choices":[{"event_name":"Upgrade Shrine","player_choice":"Upgraded","floor":2,"damage_taken":0},{"event_name":"Dead Adventurer","player_choice":"Searched \u00272\u0027 times","floor":7,"damage_taken":0},{"event_name":"Golden Wing","player_choice":"Card Removal","floor":13,"damage_taken":0}],"boss_relics":[],"potions_floor_spawned":[7,7,10,12,14],"seed_played":"5819455732417293179","killed_by":"Hexaghost","is_trial":false}