{"path_per_floor":["M","?","M","$","M","E","?","M","T","R","M","M","R","M","R","B",null,"M","M","?"],"character_chosen":"IRONCLAD","items_purchased":["Inflame"],"gold_per_floor":[110,110,122,85,97,128,88,105,105,105,120,130,130,146,146,246,276,287,300,300],"floor_reached":21,"campfire_rested":2,"playtime":1417,"current_hp_per_floor":[80,80,75,75,71,29,29,17,17,41,47,49,73,72,72,18,85,55,19,3],"items_purged":[],"gold":300,"play_id":"a80181f0-e981-424a-a7e8-4a423ecf69a3","is_prod":false,"is_daily":false,"campfire_rituals":0,"campfire_upgraded":1,"is_hardmode":false,"path_taken":["M","?","M","$","M","E","?","?","T","R","M","M","R","M","R","BOSS","M","M","?","M"],"build_version":"2017-12-21-PROD1","purchased_purges":0,"victory":false,"master_deck":["Strike_R","Strike_R","Strike_R","Strike_R","Strike_R","Defend_R","Defend_R","Defend_R","Defend_R","Bash","Whirlwind","Juggernaut","Dramatic Entrance","Dual Wield","Inflame","Thunderclap","Anger","Thunderclap","Armaments","Iron Wave","Armaments","Demon Form","Rage","Spot Weakness","Battle Trance"],"max_hp_per_floor":[80,80,80,80,80,80,80,80,80,80,80,80,80,80,80,80,85,85,85,85],"relics":["Burning Blood","Omamori","Bird Faced Urn","Juzu Bracelet","Tiny House","Nilry\u0027s Codex"],"campfire_meditates":0,"card_choices":[{"not_picked":["Rupture","Power Through"],"picked":"Whirlwind"},{"not_picked":["Fire Breathing","Corruption"],"picked":"Dual Wield"},{"not_picked":["Clothesline","Offering"],"picked":"Thunderclap"},{"not_picked":["Searing Blow","Body Slam"],"picked":"Anger"},{"not_picked":["Sword Boomerang","Searing Blow"],"picked":"Thunderclap"},{"not_picked":["Dual Wield","Body Slam"],"picked":"Armaments"},{"not_picked":["Perfected Strike","Body Slam"],"picked":"Iron Wave"},{"not_picked":["Reckless Charge","Flex"],"picked":"Armaments"},{"not_picked":["Offering","Berserk"],"picked":"Demon Form"},{"not_picked":["Twin Strike","Cleave"],"picked":"Rage"},{"not_picked":["Warcry","Infernal Blade"],"picked":"Spot Weakness"},{"not_picked":["Power Through","Clothesline"],"picked":"Battle Trance"}],"player_experience":9117,"potions_floor_usage":[16,21,21],"damage_taken":[{"damage":5,"enemies":"Jaw Worm","floor":1,"turns":5},{"damage":11,"enemies":"Blue Slaver","floor":3,"turns":5},{"damage":10,"enemies":"Looter","floor":5,"turns":3},{"damage":48,"enemies":"Gremlin Nob","floor":6,"turns":5},{"damage":22,"enemies":"Large Slime","floor":8,"turns":6},{"damage":0,"enemies":"Lots of Slimes","floor":11,"turns":1},{"damage":6,"enemies":"Gremlin Gang","floor":12,"turns":3},{"damage":7,"enemies":"3 Louse","floor":14,"turns":2},{"damage":64,"enemies":"Hexaghost","floor":16,"turns":12},{"damage":38,"enemies":"2 Thieves","floor":18,"turns":5},{"damage":48,"enemies":"Shell Parasite","floor":19,"turns":9},{"damage":7,"enemies":"Centurion and Healer","floor":21,"turns":2}],"event_choices":[{"event_name":"Match and Keep!","player_choice":"2 cards matched","floor":2,"damage_taken":0},{"event_name":"World of Goop","player_choice":"Left","floor":7,"damage_taken":0},{"event_name":"Cursed Tome","player_choice":"Obtained Book","floor":20,"damage_taken":0}],"boss_relics":[{"not_picked":["Runic Cube","Velvet Choker"],"picked":"Tiny House"}],"potions_floor_spawned":[5,8,14,16,19],"seed_played":"6173128084481469409","killed_by":"Centurion and Healer","is_trial":false}