{"path_per_floor":["M","M","M","?","M","E","R","E","T","E","?","?","M","$","R"],"character_chosen":"IRONCLAD","items_purchased":["Bandage Up","Infernal Blade","Darkstone Periapt","Matryoshka","Dexterity Potion"],"gold_per_floor":[116,129,143,393,412,446,446,471,498,524,699,727,744,7,7],"floor_reached":16,"campfire_rested":2,"playtime":1226,"current_hp_per_floor":[80,79,74,74,74,52,76,54,54,33,33,11,11,11,35],"items_purged":[],"gold":7,"play_id":"9547d9dd-c745-46c6-b5de-b927e1bc431e","is_prod":false,"is_daily":false,"campfire_rituals":0,"campfire_upgraded":0,"is_hardmode":false,"path_taken":["M","M","?","?","M","E","R","E","T","E","?","?","M","$","R","BOSS"],"build_version":"2017-12-21-PROD1","purchased_purges":0,"victory":false,"master_deck":["Strike_R","Strike_R","Strike_R","Strike_R","Strike_R","Defend_R","Defend_R","Defend_R","Defend_R","Bash","Bloodletting","Dual Wield","Pommel Strike","Regret","Blood for Blood","Shrug It Off","Disarm","Seeing Red","Doubt","Metallicize","Whirlwind","Bandage Up","Infernal Blade"],"max_hp_per_floor":[80,80,80,80,80,80,80,80,80,80,80,80,80,80,80],"relics":["Burning Blood","War Paint","Toolbox","Whetstone","Pen Nib","Molten Egg","Odd Mushroom","Darkstone Periapt","Matryoshka"],"campfire_meditates":0,"card_choices":[{"not_picked":["Sword Boomerang","Armaments"],"picked":"Bloodletting"},{"not_picked":["Havoc","Thunderclap"],"picked":"Dual Wield"},{"not_picked":["Armaments","Intimidate"],"picked":"Pommel Strike"},{"not_picked":["Rage","Corruption"],"picked":"Blood for Blood"},{"not_picked":["Brutality","Perfected Strike"],"picked":"Shrug It Off"},{"not_picked":["Clothesline","Warcry"],"picked":"Disarm"},{"not_picked":["Cleave","Uppercut"],"picked":"Seeing Red"},{"not_picked":["True Grit","Warcry"],"picked":"Metallicize"},{"not_picked":["Battle Trance","Iron Wave"],"picked":"Whirlwind"}],"player_experience":50904,"potions_floor_usage":[6,10,13,16],"damage_taken":[{"damage":4,"enemies":"Blue Slaver","floor":1,"turns":6},{"damage":7,"enemies":"Looter","floor":2,"turns":5},{"damage":11,"enemies":"Jaw Worm","floor":3,"turns":4},{"damage":6,"enemies":"3 Louse","floor":5,"turns":4},{"damage":28,"enemies":"Gremlin Nob","floor":6,"turns":5},{"damage":28,"enemies":"3 Sentries","floor":8,"turns":6},{"damage":27,"enemies":"Lagavulin","floor":10,"turns":8},{"damage":28,"enemies":"The Mushroom Lair","floor":12,"turns":5},{"damage":6,"enemies":"Red Slaver","floor":13,"turns":4},{"damage":41,"enemies":"Hexaghost","floor":16,"turns":14}],"event_choices":[{"event_name":"Golden Shrine","player_choice":"Desecrate","floor":4,"damage_taken":0},{"event_name":"Liars Game","player_choice":"agreed","floor":11,"damage_taken":0},{"event_name":"Mushrooms","player_choice":"Fought Mushrooms","floor":12,"damage_taken":0}],"boss_relics":[],"potions_floor_spawned":[1,8,10,12],"seed_played":"-7368402168379785454","killed_by":"Hexaghost","is_trial":false}