{"path_per_floor":["M","?","$","M","M","E","$","R","T","?","R","M","M","E","R","B",null,"M","$","?","M"],"character_chosen":"IRONCLAD","items_purchased":["Burning Pact","Blind","Flex","Pommel Strike"],"gold_per_floor":[115,190,22,37,51,81,7,7,7,7,7,25,38,70,70,175,175,163,163,78,92],"floor_reached":22,"campfire_rested":3,"playtime":1710,"current_hp_per_floor":[80,69,69,75,80,42,42,66,66,66,80,80,79,57,80,49,80,74,74,74,12],"items_purged":[],"gold":92,"play_id":"583d48dc-0106-4427-a49f-d45c228eee20","is_prod":false,"is_daily":false,"campfire_rituals":0,"campfire_upgraded":0,"is_hardmode":false,"path_taken":["M","?","$","M","M","E","$","R","T","?","R","M","M","E","R","BOSS","M","$","?","M","M"],"build_version":"2018-01-11-PROD2","purchased_purges":0,"victory":false,"master_deck":["Strike_R","Strike_R","Strike_R","Strike_R","Strike_R","Defend_R","Defend_R","Defend_R","Defend_R","Bash","Impervious","Headbutt","Burning Pact","Blind","Armaments","Intimidate","Flex","Pommel Strike","Infernal Blade","Double Tap","Cleave","Limit Break","Normality","Clumsy","Pain","Sever Soul","Dual Wield"],"max_hp_per_floor":[80,80,80,80,80,80,80,80,80,80,80,80,80,80,80,80,80,80,80,80,80],"relics":["Burning Blood","Thread and Needle","Champion Belt","Kunai","Calling Bell","Ancient Tea Set","Darkstone Periapt","Regal Pillow","Prayer Wheel"],"campfire_meditates":0,"card_choices":[{"not_picked":["Heavy Blade","Pummel"],"picked":"Headbutt"},{"not_picked":["Battle Trance","Anger"],"picked":"Armaments"},{"not_picked":["Havoc","Anger"],"picked":"Intimidate"},{"not_picked":["Pommel Strike","Intimidate"],"picked":"Infernal Blade"},{"not_picked":["Sword Boomerang","Iron Wave"],"picked":"Double Tap"},{"not_picked":["Shrug It Off","Rage"],"picked":"Cleave"},{"not_picked":["Exhume","Juggernaut"],"picked":"Limit Break"},{"not_picked":["Corruption","Shrug It Off"],"picked":"Sever Soul"},{"not_picked":["True Grit","Power Through"],"picked":"Dual Wield"}],"player_experience":56538,"potions_floor_usage":[14,16],"damage_taken":[{"damage":0,"enemies":"Jaw Worm","floor":1,"turns":3},{"damage":0,"enemies":"2 Louse","floor":4,"turns":2},{"damage":0,"enemies":"Small Slimes","floor":5,"turns":4},{"damage":44,"enemies":"Lagavulin","floor":6,"turns":9},{"damage":0,"enemies":"Looter","floor":12,"turns":4},{"damage":7,"enemies":"Gremlin Gang","floor":13,"turns":4},{"damage":43,"enemies":"3 Sentries","floor":14,"turns":9},{"damage":37,"enemies":"Slime Boss","floor":16,"turns":11},{"damage":12,"enemies":"2 Thieves","floor":18,"turns":4},{"damage":68,"enemies":"3 Byrds","floor":21,"turns":10},{"damage":20,"enemies":"Centurion and Healer","floor":22,"turns":7}],"event_choices":[{"event_name":"World of Goop","player_choice":"Gather Gold","floor":2,"damage_taken":0},{"event_name":"The Cleric","player_choice":"Leave","floor":10,"damage_taken":0},{"event_name":"Addict","player_choice":"Obtained Relic","floor":20,"damage_taken":0}],"boss_relics":[{"not_picked":["White Beast Statue","Philosopher\u0027s Stone"],"picked":"Calling Bell"}],"potions_floor_spawned":[4,12,14,18],"seed_played":"7611896628766070837","killed_by":"Centurion and Healer","is_trial":false}