{"path_per_floor":["M","M","$","M","?","R","E","R","T","R","M","$","M","M","R","B",null,"M","?","$","M"],"character_chosen":"IRONCLAD","items_purchased":["Heavy Blade"],"gold_per_floor":[109,125,50,70,70,70,102,102,149,149,162,16,30,47,47,146,146,166,166,41,56],"floor_reached":22,"campfire_rested":3,"playtime":1169,"current_hp_per_floor":[32,38,38,33,33,57,30,54,54,54,46,46,49,40,64,29,64,63,47,47,16],"items_purged":["Defend_R","Defend_R","Defend_R"],"gold":56,"play_id":"cbcfadb3-c5ae-45f3-89ee-597ea8ffaeb4","is_prod":false,"is_daily":false,"is_ascension_mode":false,"campfire_upgraded":1,"path_taken":["M","M","$","?","?","R","E","R","T","R","M","$","M","M","R","BOSS","M","?","$","M","?"],"build_version":"2018-02-01-PROD3","purchased_purges":3,"victory":false,"master_deck":["Strike_R","Strike_R","Strike_R","Strike_R","Infernal Blade","Flex","Heavy Blade+1","Metallicize","Clash","Heavy Blade","Limit Break","Heavy Blade"],"max_hp_per_floor":[80,80,80,80,80,80,80,80,80,80,80,80,80,80,80,80,64,64,64,64,64],"relics":["Burning Blood","Toolbox","Pen Nib","Runic Cube","Nilry\u0027s Codex"],"card_choices":[{"not_picked":["Wild Strike","Shrug It Off"],"picked":"Infernal Blade"},{"not_picked":["Headbutt","Clothesline"],"picked":"Flex"},{"not_picked":["Warcry","Body Slam"],"picked":"Heavy Blade"},{"not_picked":["Headbutt","Body Slam"],"picked":"Clash"},{"not_picked":["Infernal Blade","Feel No Pain"],"picked":"Limit Break"},{"not_picked":["Pommel Strike","Hemokinesis"],"picked":"Heavy Blade"}],"player_experience":36168,"potions_floor_usage":[13],"damage_taken":[{"damage":14,"enemies":"Blue Slaver","floor":1,"turns":4},{"damage":0,"enemies":"2 Louse","floor":2,"turns":2},{"damage":11,"enemies":"Jaw Worm","floor":4,"turns":2},{"damage":33,"enemies":"Gremlin Nob","floor":7,"turns":5},{"damage":14,"enemies":"Looter","floor":11,"turns":3},{"damage":6,"enemies":"3 Louse","floor":13,"turns":2},{"damage":15,"enemies":"Lots of Slimes","floor":14,"turns":5},{"damage":41,"enemies":"Hexaghost","floor":16,"turns":8},{"damage":7,"enemies":"Spheric Guardian","floor":18,"turns":3},{"damage":37,"enemies":"2 Thieves","floor":21,"turns":4},{"damage":25,"enemies":"Slaver and Parasite","floor":22,"turns":1}],"event_choices":[{"event_name":"Transmorgrifier","player_choice":"Transform","floor":5,"damage_taken":0},{"event_name":"Cursed Tome","player_choice":"Obtained Book","floor":19,"damage_taken":0}],"boss_relics":[{"not_picked":["Question Card","Mark of Pain"],"picked":"Runic Cube"}],"potions_floor_spawned":[2,4,7,16,18],"seed_played":"-6430710874542725995","killed_by":"Slaver and Parasite","ascension_level":0,"is_trial":false}