{"path_per_floor":["M","M","$","?","?","R","E","R","T","?","?","?","M","M","R","B",null,"M","M","$","M","?","R","M","E","T","?","R","?","T","M","R","B",null,"M","?","M","$","?","R","M","R","T","M","?","?","?","T","R","B"],"character_chosen":"IRONCLAD","items_purchased":["Bandage Up","Mummified Hand","Anger","Bottled Lightning"],"gold_per_floor":[109,123,25,25,25,25,52,52,52,52,227,250,269,287,287,384,384,403,413,39,49,49,49,68,97,149,149,149,149,149,160,160,263,263,274,274,287,32,32,32,50,50,50,67,67,0,0,24,24,24],"floor_reached":51,"campfire_rested":4,"playtime":3456,"current_hp_per_floor":[80,80,80,68,68,68,78,78,78,62,62,61,71,80,80,62,80,80,64,64,46,46,70,80,72,79,79,79,79,79,87,87,60,87,87,77,58,58,58,84,65,87,87,73,73,73,73,73,87,27],"items_purged":["Doubt"],"gold":24,"play_id":"683adabd-9818-42e3-bc9a-704de983e08e","is_prod":false,"is_daily":false,"is_ascension_mode":false,"campfire_upgraded":5,"path_taken":["M","M","$","?","?","R","E","R","T","?","?","?","M","M","R","BOSS","M","M","$","M","?","R","M","E","T","?","R","?","?","M","R","BOSS","M","?","M","$","?","R","M","R","T","M","?","?","?","?","R","BOSS"],"build_version":"2018-01-25-PROD3","purchased_purges":1,"victory":true,"master_deck":["Strike_R+1","Strike_R+1","Strike_R+1","Defend_R+1","Defend_R+1","Shrug It Off","Twin Strike","Bandage Up","Blood for Blood+1","Metallicize+1","Metallicize+1","Metallicize","Metallicize+1","Juggernaut+1","Flex+1","Thunderclap+1","Fire Breathing+1","Iron Wave+1","Iron Wave+1","Anger+1","Anger","Flame Barrier+1","Warcry","Wild Strike+1","Demon Form","True Grit+1","Madness","Madness","Battle Trance","Battle Trance","Limit Break","Iron Wave+1","Feel No Pain+1"],"max_hp_per_floor":[80,80,80,80,80,80,80,80,80,80,80,80,80,80,80,80,80,80,80,80,80,80,80,80,80,87,87,87,87,87,87,87,87,87,87,87,87,87,87,87,87,87,87,87,87,87,87,87,87,87],"relics":["Black Blood","NeowsBlessing","Juzu Bracelet","Pen Nib","Lantern","Odd Mushroom","Astrolabe","Mummified Hand","Matryoshka","Strawberry","Dream Catcher","Frozen Egg","Gremlin Horn","Bottled Lightning","Molten Egg","Red Mask","Ancient Tea Set"],"card_choices":[{"not_picked":["Flex","Sword Boomerang"],"picked":"Shrug It Off"},{"not_picked":["Evolve","Wild Strike"],"picked":"Twin Strike"},{"not_picked":["Body Slam","Searing Blow"],"picked":"Metallicize"},{"not_picked":["Second Wind","Burning Pact"],"picked":"Metallicize"},{"not_picked":["Iron Wave","Inflame"],"picked":"Metallicize"},{"not_picked":["Iron Wave","Limit Break"],"picked":"Metallicize"},{"not_picked":["Brutality","Berserk"],"picked":"Juggernaut"},{"not_picked":["Intimidate","Sword Boomerang"],"picked":"Iron Wave"},{"not_picked":["Pommel Strike","Clothesline"],"picked":"Iron Wave"},{"not_picked":["Offering","Bloodletting"],"picked":"Anger"},{"not_picked":["Shockwave","Cleave"],"picked":"Flame Barrier"},{"not_picked":["Hemokinesis","Heavy Blade"],"picked":"Warcry"},{"not_picked":["Clash","Double Tap"],"picked":"Wild Strike"},{"not_picked":["Immolate","Reaper"],"picked":"Demon Form"},{"not_picked":["Sword Boomerang","Sever Soul"],"picked":"True Grit"},{"not_picked":["Seeing Red","Wild Strike"],"picked":"Disarm"},{"not_picked":["Pommel Strike","Cleave"],"picked":"Battle Trance"},{"not_picked":["Warcry","Shrug It Off"],"picked":"Battle Trance"},{"not_picked":["Evolve","Clash"],"picked":"Limit Break"},{"not_picked":["Sword Boomerang","Evolve"],"picked":"Iron Wave"},{"not_picked":["Armaments","Combust"],"picked":"Feel No Pain"}],"player_experience":53879,"potions_floor_usage":[16,19,33,41],"damage_taken":[{"damage":0,"enemies":"Blue Slaver","floor":1,"turns":1},{"damage":0,"enemies":"Jaw Worm","floor":2,"turns":1},{"damage":0,"enemies":"3 Sentries","floor":7,"turns":1},{"damage":11,"enemies":"The Mushroom Lair","floor":12,"turns":7},{"damage":0,"enemies":"2 Louse","floor":13,"turns":5},{"damage":0,"enemies":"Exordium Wildlife","floor":14,"turns":4},{"damage":28,"enemies":"Slime Boss","floor":16,"turns":13},{"damage":0,"enemies":"Chosen","floor":18,"turns":6},{"damage":26,"enemies":"3 Byrds","floor":19,"turns":7},{"damage":28,"enemies":"Slaver and Parasite","floor":21,"turns":7},{"damage":0,"enemies":"3 Cultists","floor":24,"turns":5},{"damage":18,"enemies":"Book of Stabbing","floor":25,"turns":6},{"damage":1,"enemies":"Centurion and Healer","floor":31,"turns":6},{"damage":37,"enemies":"Automaton","floor":33,"turns":12},{"damage":10,"enemies":"Orb Walker","floor":35,"turns":3},{"damage":33,"enemies":"3 Darklings","floor":37,"turns":8},{"damage":33,"enemies":"4 Shapes","floor":41,"turns":7},{"damage":27,"enemies":"Sphere and 2 Shapes","floor":44,"turns":8},{"damage":74,"enemies":"Time Eater","floor":50,"turns":13}],"event_choices":[{"event_name":"Scrap Ooze","player_choice":"success","floor":4,"damage_taken":12},{"event_name":"Living Wall","player_choice":"Change","floor":5,"damage_taken":0},{"event_name":"Shining Light","player_choice":"Entered Light","floor":10,"damage_taken":0},{"event_name":"Liars Game","player_choice":"agreed","floor":11,"damage_taken":0},{"event_name":"Mushrooms","player_choice":"Fought Mushrooms","floor":12,"damage_taken":0},{"event_name":"Back to Basics","player_choice":"Simplicity","floor":22,"damage_taken":0},{"event_name":"Vampires","player_choice":"Ignored","floor":27,"damage_taken":0},{"event_name":"Upgrade Shrine","player_choice":"Upgraded","floor":29,"damage_taken":0},{"event_name":"Winding Halls","player_choice":"Embrace Madness","floor":36,"damage_taken":0},{"event_name":"Mysterious Sphere","player_choice":"Ignore","floor":39,"damage_taken":0},{"event_name":"Tomb of Lord Red Mask","player_choice":"Paid","floor":46,"damage_taken":0},{"event_name":"Wheel of Change","player_choice":"Card Removal","floor":47,"damage_taken":0}],"boss_relics":[{"not_picked":["Tiny House","Ectoplasm"],"picked":"Astrolabe"},{"not_picked":["Snecko Eye","Runic Dome"],"picked":"Black Blood"}],"potions_floor_spawned":[7,13,21,24,37],"seed_played":"-5095507636574906929","ascension_level":0,"is_trial":false}