{"path_per_floor":["M","T","M","?","?","E","M","R","T","E","M","$","M","M","R","B",null,"M","?","$","M","?","E","?"],"character_chosen":"IRONCLAD","items_purchased":["Feed","Ancient Potion"],"gold_per_floor":[116,116,132,132,132,172,185,185,185,251,221,8,28,43,43,167,167,183,98,49,65,65,108,108],"floor_reached":25,"campfire_rested":0,"playtime":1586,"current_hp_per_floor":[78,78,80,80,80,66,70,70,70,75,80,80,84,86,86,27,88,81,81,81,86,70,51,51],"items_purged":["Strike_R"],"gold":108,"play_id":"029e5dd6-24c4-47af-8299-26831a43250c","is_prod":false,"is_daily":false,"is_ascension_mode":true,"campfire_upgraded":2,"path_taken":["M","?","M","?","?","E","?","R","T","E","M","$","M","M","R","BOSS","M","?","?","M","?","E","?","E"],"build_version":"2018-02-01-PROD3","purchased_purges":1,"victory":false,"master_deck":["Bash","Iron Wave","Warcry+1","Demon Form+1","True Grit","Warcry","Feed+1","Clash+1","Limit Break","Warcry","Sever Soul+1","Twin Strike+1","Armaments","Thunderclap+1","True Grit","Sword Boomerang+1","Battle Trance"],"max_hp_per_floor":[80,80,80,80,80,80,80,80,80,80,80,80,84,88,88,88,88,88,88,88,92,92,92,92],"relics":["Burning Blood","Charon\u0027s Ashes","Golden Idol","Molten Egg 2","Dream Catcher","Tiny Chest","Pandora\u0027s Box","Frozen Egg 2","Nilry\u0027s Codex","Juzu Bracelet","Spirit Poop"],"card_choices":[{"not_picked":["Uppercut","Ghostly Armor"],"picked":"Iron Wave"},{"not_picked":["Thunderclap","Disarm"],"picked":"Warcry"},{"not_picked":["True Grit","Ghostly Armor"],"picked":"Demon Form"},{"not_picked":["Sword Boomerang","Body Slam"],"picked":"True Grit"},{"not_picked":["Blood for Blood","Clothesline"],"picked":"Warcry"},{"not_picked":["Rage","Cleave"],"picked":"Clash"},{"not_picked":["Bludgeon","Demon Form"],"picked":"Limit Break"},{"not_picked":["Twin Strike","True Grit"],"picked":"Battle Trance"}],"player_experience":170724,"potions_floor_usage":[10,10,16,18],"damage_taken":[{"damage":8,"enemies":"Blue Slaver","floor":1,"turns":8},{"damage":1,"enemies":"Cultist","floor":3,"turns":3},{"damage":20,"enemies":"3 Sentries","floor":6,"turns":7},{"damage":2,"enemies":"2 Louse","floor":7,"turns":2},{"damage":1,"enemies":"Lagavulin","floor":10,"turns":4},{"damage":0,"enemies":"Looter","floor":11,"turns":4},{"damage":0,"enemies":"3 Louse","floor":13,"turns":2},{"damage":8,"enemies":"Lots of Slimes","floor":14,"turns":3},{"damage":65,"enemies":"The Guardian","floor":16,"turns":9},{"damage":13,"enemies":"Shell Parasite","floor":18,"turns":5},{"damage":5,"enemies":"Spheric Guardian","floor":21,"turns":3},{"damage":25,"enemies":"Gremlin Leader","floor":23,"turns":5},{"damage":56,"enemies":"Slavers","floor":25,"turns":4}],"event_choices":[{"event_name":"Golden Idol","player_choice":"Take Wound","floor":4,"damage_taken":0},{"event_name":"The Lab","player_choice":"Got Potions","floor":5,"damage_taken":0},{"event_name":"Addict","player_choice":"Obtained Relic","floor":19,"damage_taken":0},{"event_name":"Cursed Tome","player_choice":"Obtained Book","floor":22,"damage_taken":0},{"event_name":"Bonfire Elementals","player_choice":"CURSE","floor":24,"damage_taken":0}],"boss_relics":[{"not_picked":["Runic Cube","Ectoplasm"],"picked":"Pandora\u0027s Box"}],"potions_floor_spawned":[1,6,10,23],"seed_played":"-2194643053953739999","killed_by":"Slavers","ascension_level":1,"is_trial":false}