{"path_per_floor":["M","$","?","M","?","M","R","M","T","R","M","M","M","$","R","B",null,"M","M","?","?","M","R","E","R","T","?","?","$","M","?","R","B",null,"M","?","?","?","$","R","M","M","T","M","M","R","?","M","R","B"],"character_chosen":"IRONCLAD","items_purchased":["Shrug It Off"],"gold_per_floor":[110,35,35,53,53,67,67,80,80,80,98,117,129,29,29,134,134,144,156,156,156,167,167,197,197,223,223,223,50,66,66,66,171,171,188,188,188,188,188,188,207,223,223,233,250,250,0,13,13,13],"floor_reached":51,"campfire_rested":2,"playtime":2059,"current_hp_per_floor":[78,78,83,85,78,84,84,80,80,80,75,72,64,64,64,45,75,70,61,61,61,61,61,35,60,60,85,69,69,62,62,85,42,74,74,74,74,63,63,63,67,71,71,54,85,85,85,85,85,57],"items_purged":["Strike_R","Strike_R","Strike_R"],"gold":13,"score":647,"play_id":"68f03728-5e15-4241-9801-6c0653a15ab2","is_prod":false,"is_daily":false,"is_ascension_mode":true,"campfire_upgraded":7,"path_taken":["M","$","?","M","?","M","R","M","T","R","M","M","M","$","R","BOSS","M","M","?","?","?","R","E","R","T","?","?","$","M","?","R","BOSS","M","?","?","?","$","R","M","M","T","M","M","R","?","M","R","BOSS"],"build_version":"2018-02-12-PROD1","purchased_purges":3,"victory":true,"master_deck":["Defend_R+1","Defend_R+1","Defend_R+1","Bash+1","Pommel Strike+1","Pommel Strike+1","Headbutt+1","Body Slam+1","Ghostly Armor","Demon Form+1","Clothesline+1","Whirlwind+1","Necronomicurse","Shrug It Off","Inflame+1","Reaper","Madness","Madness","Ghostly Armor+1"],"max_hp_per_floor":[80,80,85,85,85,85,85,85,85,85,85,85,85,85,85,85,85,85,85,85,85,85,85,85,85,85,85,85,85,85,85,85,85,85,85,85,85,85,85,85,85,85,85,85,85,85,85,85,85,85],"relics":["Burning Blood","Oddly Smooth Stone","Whetstone","Philosopher\u0027s Stone","Self Forming Clay","Juzu Bracelet","Necronomicon","Mark of Pain","Orichalcum","Red Mask"],"card_choices":[{"not_picked":["Carnage","Shockwave"],"picked":"Pommel Strike"},{"not_picked":["Flex","Inflame"],"picked":"Pommel Strike"},{"not_picked":["Cleave","Pummel"],"picked":"Headbutt"},{"not_picked":["Clash","Havoc"],"picked":"Body Slam"},{"not_picked":["Shockwave","Thunderclap"],"picked":"Ghostly Armor"},{"not_picked":["Dark Embrace","Fiend Fire"],"picked":"Demon Form"},{"not_picked":["Iron Wave","Intimidate"],"picked":"Clothesline"},{"not_picked":["Headbutt","Twin Strike"],"picked":"Whirlwind"},{"not_picked":["Carnage","Iron Wave"],"picked":"Inflame"},{"not_picked":["Demon Form","Immolate"],"picked":"Reaper"},{"not_picked":["Anger","Warcry"],"picked":"Ghostly Armor"}],"player_experience":164645,"potions_floor_usage":[19,24,24],"damage_taken":[{"damage":0,"enemies":"2 Louse","floor":1,"turns":3},{"damage":0,"enemies":"Jaw Worm","floor":4,"turns":3},{"damage":0,"enemies":"Small Slimes","floor":6,"turns":3},{"damage":10,"enemies":"Exordium Thugs","floor":8,"turns":3},{"damage":11,"enemies":"Looter","floor":11,"turns":2},{"damage":9,"enemies":"Exordium Wildlife","floor":12,"turns":4},{"damage":14,"enemies":"Large Slime","floor":13,"turns":4},{"damage":25,"enemies":"The Guardian","floor":16,"turns":13},{"damage":11,"enemies":"Shell Parasite","floor":18,"turns":5},{"damage":15,"enemies":"Chosen","floor":19,"turns":5},{"damage":6,"enemies":"Snecko","floor":22,"turns":5},{"damage":47,"enemies":"Slavers","floor":24,"turns":7},{"damage":13,"enemies":"Snake Plant","floor":30,"turns":4},{"damage":49,"enemies":"Champ","floor":33,"turns":8},{"damage":6,"enemies":"Orb Walker","floor":35,"turns":3},{"damage":51,"enemies":"3 Darklings","floor":41,"turns":5},{"damage":2,"enemies":"4 Shapes","floor":42,"turns":2},{"damage":39,"enemies":"Sphere and 2 Shapes","floor":44,"turns":5},{"damage":12,"enemies":"Maw","floor":45,"turns":6},{"damage":0,"enemies":"4 Shapes","floor":48,"turns":2},{"damage":34,"enemies":"Donu and Deca","floor":50,"turns":5}],"event_choices":[{"event_name":"Big Fish","player_choice":"Donut","floor":3,"damage_taken":0},{"event_name":"Golden Wing","player_choice":"Card Removal","floor":5,"damage_taken":0},{"event_name":"Back to Basics","player_choice":"Simplicity","floor":20,"damage_taken":0},{"event_name":"Drug Dealer","player_choice":"Ignored","floor":21,"damage_taken":0},{"event_name":"The Library","player_choice":"Heal","floor":27,"damage_taken":0},{"event_name":"Cursed Tome","player_choice":"Obtained Book","floor":28,"damage_taken":0},{"event_name":"Addict","player_choice":"Ignored","floor":31,"damage_taken":0},{"event_name":"Bonfire Elementals","player_choice":"BASIC","floor":36,"damage_taken":0},{"event_name":"Purifier","player_choice":"One Purge","floor":37,"damage_taken":0},{"event_name":"Winding Halls","player_choice":"Embrace Madness","floor":38,"damage_taken":0},{"event_name":"Tomb of Lord Red Mask","player_choice":"Paid","floor":47,"damage_taken":0}],"boss_relics":[{"not_picked":["White Beast Statue","Black Blood"],"picked":"Philosopher\u0027s Stone"},{"not_picked":["Runic Dome","Black Star"],"picked":"Mark of Pain"}],"potions_floor_spawned":[4,11,16,22,30,41,42,44],"seed_played":"-3651350198853236137","ascension_level":6,"is_trial":false}