{"path_per_floor":["M","?","?","M","M","R","?","R","T","M","M","M","$","?","R","B",null,"M","$","?","M","M","R","M","?","T","M","?","M","?","?","R"],"character_chosen":"IRONCLAD","items_purchased":["Spot Weakness","Battle Trance"],"gold_per_floor":[112,112,212,229,248,248,248,248,248,258,271,287,140,140,140,244,244,263,82,82,92,104,104,123,123,205,222,222,240,240,290,290],"floor_reached":33,"campfire_rested":3,"playtime":1409,"current_hp_per_floor":[77,77,77,71,69,69,69,69,69,56,44,36,36,36,75,14,64,64,64,64,50,18,57,44,44,44,24,24,18,18,18,57],"items_purged":["Strike_R","Strike_R"],"gold":290,"score":335,"play_id":"1a3f248d-67d0-4e7e-81d2-058be3b1cd03","is_prod":false,"is_daily":false,"is_ascension_mode":true,"campfire_upgraded":2,"path_taken":["M","?","?","M","M","R","?","R","T","M","M","M","?","?","R","BOSS","M","$","?","M","M","R","M","?","T","M","?","M","?","?","R","BOSS"],"build_version":"2018-02-12-PROD1","purchased_purges":2,"victory":false,"master_deck":["Strike_R+1","Strike_R+1","Defend_R+1","Defend_R+1","Defend_R+1","Defend_R+1","Bash","Intimidate+1","Twin Strike+1","Heavy Blade+1","Clothesline","Whirlwind","Pommel Strike","Spot Weakness","Barricade","Battle Trance","Iron Wave"],"max_hp_per_floor":[80,80,80,80,80,80,80,80,80,80,80,80,80,80,80,80,80,80,80,80,80,80,80,80,80,80,80,80,80,80,80,80],"relics":["Burning Blood","Regal Pillow","Sozu","Juzu Bracelet","Toxic Egg 2"],"card_choices":[{"not_picked":["Sword Boomerang","Armaments"],"picked":"Twin Strike"},{"not_picked":["True Grit","Body Slam"],"picked":"Heavy Blade"},{"not_picked":["Rupture","Iron Wave"],"picked":"Clothesline"},{"not_picked":["Clothesline","Armaments"],"picked":"Whirlwind"},{"not_picked":["Iron Wave","Clash"],"picked":"Pommel Strike"},{"not_picked":["Dark Embrace","Disarm"],"picked":"Iron Wave"}],"player_experience":177343,"potions_floor_usage":[],"damage_taken":[{"damage":1,"enemies":"Cultist","floor":1,"turns":3},{"damage":12,"enemies":"Blue Slaver","floor":4,"turns":6},{"damage":8,"enemies":"Jaw Worm","floor":5,"turns":5},{"damage":19,"enemies":"Exordium Wildlife","floor":10,"turns":4},{"damage":18,"enemies":"Exordium Thugs","floor":11,"turns":4},{"damage":14,"enemies":"Looter","floor":12,"turns":3},{"damage":67,"enemies":"The Guardian","floor":16,"turns":13},{"damage":6,"enemies":"3 Byrds","floor":18,"turns":4},{"damage":20,"enemies":"Shell Parasite","floor":21,"turns":4},{"damage":38,"enemies":"Snake Plant","floor":22,"turns":7},{"damage":19,"enemies":"Centurion and Healer","floor":24,"turns":6},{"damage":26,"enemies":"Chosen and Byrds","floor":27,"turns":6},{"damage":12,"enemies":"Snake Plant","floor":29,"turns":4},{"damage":60,"enemies":"Collector","floor":33,"turns":8}],"event_choices":[{"event_name":"The Woman in Blue","player_choice":"Bought 0 Potions","floor":2,"damage_taken":0},{"event_name":"Golden Shrine","player_choice":"Pray","floor":3,"damage_taken":0},{"event_name":"Upgrade Shrine","player_choice":"Upgraded","floor":7,"damage_taken":0},{"event_name":"Match and Keep!","player_choice":"1 cards matched","floor":14,"damage_taken":0},{"event_name":"N\u0027loth","player_choice":"Ignored","floor":20,"damage_taken":0},{"event_name":"The Mausoleum","player_choice":"Yes","floor":25,"damage_taken":0},{"event_name":"Back to Basics","player_choice":"Simplicity","floor":28,"damage_taken":0},{"event_name":"Cursed Tome","player_choice":"Ignored","floor":30,"damage_taken":0},{"event_name":"The Joust","player_choice":"Bet on Murderer","floor":31,"damage_taken":0}],"boss_relics":[{"not_picked":["Runic Dome","Black Blood"],"picked":"Sozu"}],"potions_floor_spawned":[10,11,22,27,29],"seed_played":"-5525684853509195972","killed_by":"Collector","ascension_level":8,"is_trial":false}