{"path_per_floor":["M","?","?","?","?","R","E","M","T","R","M","M","?","M","R","B",null,"M","$","?","?","M","R","E","R","T","M","$","M","R","M","R","B",null,"M","M","?","M","M","R","M","R","T","R","M","R","$","E","R"],"character_chosen":"IRONCLAD","items_purchased":["Heavy Blade","Anchor","Kunai"],"gold_per_floor":[109,109,59,59,59,59,93,105,105,105,118,130,130,145,145,249,249,266,141,141,141,161,161,193,193,216,233,85,97,97,108,108,203,203,223,241,241,252,264,264,283,283,308,308,325,325,84,109,109],"floor_reached":50,"campfire_rested":6,"playtime":2324,"current_hp_per_floor":[73,56,56,56,84,84,68,70,70,70,76,47,47,50,75,30,71,70,70,54,54,60,60,57,82,82,75,75,72,72,78,78,57,77,83,84,84,69,40,65,12,37,37,62,59,84,84,76,76],"items_purged":["Strike_R"],"gold":109,"score":685,"play_id":"b7280702-192b-42bd-939a-41be25b1cff2","is_prod":false,"is_daily":false,"is_ascension_mode":true,"campfire_upgraded":6,"path_taken":["M","?","?","?","?","R","E","M","T","R","M","?","?","M","R","BOSS","M","$","?","?","M","R","E","R","T","M","$","M","R","?","R","BOSS","M","M","?","M","M","R","M","R","T","R","M","R","$","E","R","BOSS"],"build_version":"2018-02-12-PROD1","purchased_purges":1,"victory":false,"master_deck":["Strike_R+1","Strike_R+1","Strike_R+1","Defend_R+1","Defend_R","Defend_R","Defend_R","Bash+1","Spot Weakness+1","Pommel Strike+1","Battle Trance+1","Swift Strike","Bludgeon","Heavy Blade+1","Flame Barrier+1"],"max_hp_per_floor":[87,87,87,84,84,84,84,84,84,84,84,84,84,84,84,84,84,84,84,84,84,84,84,84,84,84,84,84,84,84,84,84,84,84,84,84,84,84,84,84,84,84,84,84,84,84,84,84,84],"relics":["Burning Blood","Strawberry","Whetstone","Matryoshka","Snecko Eye","Enchiridion","Red Skull","Bottled Flame","Prayer Wheel","Anchor","Velvet Choker","Bag of Preparation","Lantern","Kunai","Blue Candle"],"card_choices":[{"not_picked":["Cleave","Carnage"],"picked":"Spot Weakness"},{"not_picked":["Evolve","Intimidate"],"picked":"Pommel Strike"},{"not_picked":["Sever Soul","Thunderclap"],"picked":"Battle Trance"},{"not_picked":["Juggernaut","Immolate"],"picked":"Bludgeon"},{"not_picked":["Intimidate","Dropkick"],"picked":"Flame Barrier"}],"player_experience":206234,"potions_floor_usage":[22,31,33,41,50,50],"damage_taken":[{"damage":12,"enemies":"Jaw Worm","floor":1,"turns":5},{"damage":22,"enemies":"3 Sentries","floor":7,"turns":10},{"damage":4,"enemies":"Small Slimes","floor":8,"turns":4},{"damage":0,"enemies":"Cultist","floor":11,"turns":3},{"damage":35,"enemies":"Exordium Thugs","floor":12,"turns":5},{"damage":3,"enemies":"2 Fungi Beasts","floor":14,"turns":3},{"damage":51,"enemies":"Slime Boss","floor":16,"turns":7},{"damage":7,"enemies":"Shell Parasite","floor":18,"turns":2},{"damage":0,"enemies":"Spheric Guardian","floor":22,"turns":1},{"damage":9,"enemies":"Book of Stabbing","floor":24,"turns":2},{"damage":13,"enemies":"Snecko","floor":27,"turns":4},{"damage":9,"enemies":"Chosen and Byrds","floor":29,"turns":6},{"damage":0,"enemies":"Centurion and Healer","floor":31,"turns":4},{"damage":27,"enemies":"Champ","floor":33,"turns":7},{"damage":0,"enemies":"3 Shapes","floor":35,"turns":4},{"damage":0,"enemies":"Orb Walker","floor":36,"turns":3},{"damage":21,"enemies":"3 Darklings","floor":38,"turns":4},{"damage":35,"enemies":"Maw","floor":39,"turns":7},{"damage":59,"enemies":"4 Shapes","floor":41,"turns":7},{"damage":9,"enemies":"3 Darklings","floor":45,"turns":5},{"damage":14,"enemies":"Giant Head","floor":48,"turns":5},{"damage":90,"enemies":"Donu and Deca","floor":50,"turns":5}],"event_choices":[{"event_name":"Shining Light","player_choice":"Entered Light","floor":2,"damage_taken":0},{"event_name":"The Cleric","player_choice":"Card Removal","floor":3,"damage_taken":0},{"event_name":"Fountain of Cleansing","player_choice":"Removed Curse","floor":4,"damage_taken":0},{"event_name":"Big Fish","player_choice":"Banana","floor":5,"damage_taken":0},{"event_name":"Match and Keep!","player_choice":"1 cards matched","floor":13,"damage_taken":0},{"event_name":"Cursed Tome","player_choice":"Obtained Book","floor":20,"damage_taken":0},{"event_name":"Drug Dealer","player_choice":"Ignored","floor":21,"damage_taken":0},{"event_name":"Mysterious Sphere","player_choice":"Ignore","floor":37,"damage_taken":0}],"boss_relics":[{"not_picked":["Calling Bell","Philosopher\u0027s Stone"],"picked":"Snecko Eye"},{"not_picked":["Runic Dome","Question Card"],"picked":"Velvet Choker"}],"potions_floor_spawned":[7,11,27,33,38,45],"seed_played":"3312220330133183020","killed_by":"Donu and Deca","ascension_level":11,"is_trial":false}