{"path_per_floor":["M","$","M","M","$","E","?","R","T","E","M","M","R","$","R","B",null,"M","$","?","M","?","R","E","T","T","E","R","?","E","M","R"],"character_chosen":"IRONCLAD","items_purchased":["Armaments"],"gold_per_floor":[110,35,54,67,45,76,76,76,76,106,120,134,134,34,34,137,137,157,32,32,44,144,144,477,477,503,531,531,531,561,571,571],"floor_reached":33,"campfire_rested":1,"playtime":2410,"current_hp_per_floor":[73,73,76,80,80,60,60,60,60,42,48,53,53,53,53,39,80,80,80,80,80,80,80,62,62,69,56,87,87,87,87,87],"items_purged":["Strike_R","Strike_R","Strike_R"],"gold":571,"score":327,"play_id":"4281fd37-882e-425b-8ada-dcbfcc8c7ccc","is_prod":false,"is_daily":false,"is_ascension_mode":true,"campfire_upgraded":5,"path_taken":["M","?","?","M","$","E","?","R","T","E","?","M","R","$","R","BOSS","M","$","?","?","?","R","E","?","T","E","R","?","E","M","R","BOSS"],"build_version":"2018-02-08-PROD1","purchased_purges":4,"victory":false,"master_deck":["Strike_R+1","Defend_R+1","Defend_R+1","Defend_R+1","Defend_R+1","Bash","Whirlwind+1","Metallicize","Shrug It Off+1","Armaments+1","Shrug It Off","Burning Pact","Reaper","Flex+1","Flex+1","Shockwave+1","Double Tap","Body Slam+1"],"max_hp_per_floor":[80,80,80,80,80,80,80,80,80,80,80,80,80,80,80,80,80,80,80,80,80,80,80,80,80,87,87,87,87,87,87,87],"relics":["Burning Blood","Regal Pillow","Orichalcum","Dream Catcher","Velvet Choker","Old Coin","Vajra","Strawberry","Pen Nib","Singing Bowl"],"card_choices":[{"not_picked":["True Grit","Corruption"],"picked":"Whirlwind"},{"not_picked":["Clothesline","Headbutt"],"picked":"Metallicize"},{"not_picked":["Searing Blow","Cleave"],"picked":"Shrug It Off"},{"not_picked":["Limit Break","Dual Wield"],"picked":"Shrug It Off"},{"not_picked":["Whirlwind","Warcry"],"picked":"Burning Pact"},{"not_picked":["Feed","Limit Break"],"picked":"Reaper"},{"not_picked":["Dropkick","Iron Wave"],"picked":"Flex"},{"not_picked":["Power Through","Flame Barrier"],"picked":"Flex"},{"not_picked":["Sever Soul","Havoc"],"picked":"Shockwave"},{"not_picked":["Iron Wave","Headbutt"],"picked":"Double Tap"},{"not_picked":["Iron Wave","True Grit"],"picked":"Body Slam"}],"player_experience":88095,"potions_floor_usage":[16,16,16,24,27],"damage_taken":[{"damage":13,"enemies":"Blue Slaver","floor":1,"turns":8},{"damage":3,"enemies":"Jaw Worm","floor":3,"turns":5},{"damage":0,"enemies":"2 Louse","floor":4,"turns":1},{"damage":26,"enemies":"3 Sentries","floor":6,"turns":11},{"damage":24,"enemies":"Gremlin Nob","floor":10,"turns":6},{"damage":0,"enemies":"Lots of Slimes","floor":11,"turns":1},{"damage":1,"enemies":"Red Slaver","floor":12,"turns":6},{"damage":20,"enemies":"Hexaghost","floor":16,"turns":16},{"damage":0,"enemies":"3 Byrds","floor":18,"turns":5},{"damage":5,"enemies":"Shell Parasite","floor":21,"turns":9},{"damage":24,"enemies":"Slavers","floor":24,"turns":5},{"damage":19,"enemies":"Gremlin Leader","floor":27,"turns":5},{"damage":1,"enemies":"Slavers","floor":30,"turns":3},{"damage":12,"enemies":"Snake Plant","floor":31,"turns":5},{"damage":118,"enemies":"Champ","floor":33,"turns":17}],"event_choices":[{"event_name":"Living Wall","player_choice":"Forget","floor":7,"damage_taken":0},{"event_name":"The Lab","player_choice":"Got Potions","floor":20,"damage_taken":0},{"event_name":"Golden Shrine","player_choice":"Pray","floor":22,"damage_taken":0},{"event_name":"Back to Basics","player_choice":"Simplicity","floor":29,"damage_taken":0}],"boss_relics":[{"not_picked":["Sozu","Lizard Tail"],"picked":"Velvet Choker"}],"potions_floor_spawned":[3,4,10,11,12,18,21],"seed_played":"-249266791751039419","killed_by":"Champ","ascension_level":1,"is_trial":false}