{"path_per_floor":["M","?","M","?","M","E","M","R","T","E","?","$"],"character_chosen":"IRONCLAD","items_purchased":["Spot Weakness"],"gold_per_floor":[119,119,129,129,143,168,181,181,204,229,259,115],"floor_reached":13,"campfire_rested":1,"playtime":459,"current_hp_per_floor":[71,71,60,46,47,21,27,48,48,20,20,20],"items_purged":["Strike_R"],"gold":115,"score":107,"play_id":"74e92d38-e06b-486e-b15d-0346721a9e0d","is_prod":false,"is_daily":false,"is_ascension_mode":true,"campfire_upgraded":0,"path_taken":["M","?","?","?","M","E","M","R","T","E","?","$","E"],"build_version":"2018-02-08-PROD1","purchased_purges":1,"victory":false,"master_deck":["Strike_R","Strike_R+1","Strike_R","Strike_R","Defend_R","Defend_R","Defend_R","Defend_R","Bash","Limit Break+1","Armaments","Thunderclap+1","Shrug It Off","Rampage","Battle Trance","Shrug It Off","Headbutt","Spot Weakness"],"max_hp_per_floor":[72,72,72,72,72,72,72,72,72,72,72,72],"relics":["Burning Blood","Anchor","Bag of Marbles","Oddly Smooth Stone","Odd Mushroom"],"card_choices":[{"not_picked":["Brutality","Reaper"],"picked":"Limit Break"},{"not_picked":["Sword Boomerang","Warcry"],"picked":"Armaments"},{"not_picked":["Clothesline","Perfected Strike"],"picked":"Thunderclap"},{"not_picked":["Entrench","True Grit"],"picked":"Shrug It Off"},{"not_picked":["Brutality","Clash"],"picked":"Rampage"},{"not_picked":["Heavy Blade","Sword Boomerang"],"picked":"Battle Trance"},{"not_picked":["Twin Strike","True Grit"],"picked":"Shrug It Off"},{"not_picked":["Combust","Pummel"],"picked":"Headbutt"}],"player_experience":150660,"potions_floor_usage":[7,10,10],"damage_taken":[{"damage":7,"enemies":"Jaw Worm","floor":1,"turns":3},{"damage":17,"enemies":"Blue Slaver","floor":3,"turns":5},{"damage":5,"enemies":"Cultist","floor":5,"turns":4},{"damage":32,"enemies":"3 Sentries","floor":6,"turns":10},{"damage":0,"enemies":"Lots of Slimes","floor":7,"turns":3},{"damage":34,"enemies":"Lagavulin","floor":10,"turns":6},{"damage":6,"enemies":"The Mushroom Lair","floor":11,"turns":3},{"damage":27,"enemies":"3 Sentries","floor":13,"turns":4}],"event_choices":[{"event_name":"Upgrade Shrine","player_choice":"Upgraded","floor":2,"damage_taken":0},{"event_name":"Shining Light","player_choice":"Entered Light","floor":4,"damage_taken":0},{"event_name":"Mushrooms","player_choice":"Fought Mushrooms","floor":11,"damage_taken":0}],"boss_relics":[],"potions_floor_spawned":[3,5,6,7],"seed_played":"8793994365565140786","killed_by":"3 Sentries","ascension_level":3,"is_trial":false}