{"path_per_floor":["M","?","M","?","M","R","E","R","T","M","?","E","$","M","R","B",null,"M","?","$","?","?","R","?","T","T","R","E","$","M","M","R","B",null,"M","M","?","?","M","R","$","E","T","M","R","M","R","M","R"],"character_chosen":"IRONCLAD","items_purchased":["Metallicize","Uppercut","Evolve","Metallicize"],"gold_per_floor":[112,112,123,73,89,89,116,116,116,135,156,181,39,59,59,163,163,173,173,19,49,49,49,49,123,123,123,156,76,95,108,108,203,203,220,230,230,230,244,244,90,123,199,211,211,224,224,241,241],"floor_reached":50,"campfire_rested":7,"playtime":1913,"current_hp_per_floor":[80,80,76,76,78,78,50,74,74,76,77,79,79,80,80,18,80,42,42,42,42,42,66,66,66,66,66,32,32,29,36,75,12,80,74,57,57,77,54,80,80,13,13,21,60,28,67,53,80],"items_purged":["Decay","Writhe","Writhe"],"gold":241,"score":540,"play_id":"b1c6525b-c417-47a4-b35c-e04bf4c84882","is_prod":false,"is_daily":false,"is_ascension_mode":true,"campfire_upgraded":3,"path_taken":["M","?","M","?","M","R","E","R","T","M","?","E","$","M","R","BOSS","M","?","$","?","?","R","?","?","T","R","E","$","M","M","R","BOSS","M","M","?","?","?","R","$","E","T","M","R","M","R","M","R","BOSS"],"build_version":"2018-02-08-PROD1","purchased_purges":4,"victory":false,"master_deck":["Strike_R","Strike_R","Strike_R","Strike_R","Defend_R","Defend_R","Defend_R","Defend_R","Bash","Offering+1","Whirlwind+1","Shockwave","Dual Wield+1","Spot Weakness","Armaments","Intimidate","Fiend Fire","Metallicize+1","Uppercut","Burning Pact","Demon Form+1","Infernal Blade+1","Evolve","Brutality","Warcry","Clothesline","Impervious","Shrug It Off+1","Armaments+1","Pommel Strike+1","Metallicize","Demon Form","Armaments+1","Spot Weakness","Heavy Blade"],"max_hp_per_floor":[80,80,80,80,80,80,80,80,80,80,80,80,80,80,80,80,80,80,80,80,80,80,80,80,80,80,80,80,80,80,80,80,80,80,80,80,80,80,80,80,80,80,80,80,80,80,80,80,80],"relics":["Burning Blood","Thread and Needle","Anchor","Odd Mushroom","Ginger","Black Star","Tiny Chest","The Courier","Sundial","Blood Vial","Regal Pillow","Philosopher\u0027s Stone","Vajra","Lantern","Gremlin Horn"],"card_choices":[{"not_picked":["Havoc","Intimidate"],"picked":"Whirlwind"},{"not_picked":["Carnage","Pommel Strike"],"picked":"Shockwave"},{"not_picked":["Twin Strike","Perfected Strike"],"picked":"Dual Wield"},{"not_picked":["Power Through","Brutality"],"picked":"Spot Weakness"},{"not_picked":["Cleave","Clothesline"],"picked":"Armaments"},{"not_picked":["Clothesline","Clash"],"picked":"Intimidate"},{"not_picked":["Body Slam","Anger"],"picked":"Fiend Fire"},{"not_picked":["Havoc","Shrug It Off"],"picked":"Burning Pact"},{"not_picked":["Dark Embrace","Bludgeon"],"picked":"Demon Form"},{"not_picked":["Wild Strike","Entrench"],"picked":"Infernal Blade"},{"not_picked":["Havoc","Body Slam"],"picked":"Brutality"},{"not_picked":["Havoc","Sword Boomerang"],"picked":"Warcry"},{"not_picked":["Corruption","Hemokinesis"],"picked":"Clothesline"},{"not_picked":["Barricade","Dark Embrace"],"picked":"Impervious"},{"not_picked":["Flex","Battle Trance"],"picked":"Shrug It Off"},{"not_picked":["Havoc","Clothesline"],"picked":"Armaments"},{"not_picked":["Shrug It Off","Flex"],"picked":"Pommel Strike"},{"not_picked":["Metallicize","Thunderclap"],"picked":"Demon Form"},{"not_picked":["Bloodletting","Shrug It Off"],"picked":"Armaments"},{"not_picked":["Perfected Strike","Sword Boomerang"],"picked":"Spot Weakness"},{"not_picked":["Seeing Red","Iron Wave"],"picked":"Heavy Blade"}],"player_experience":147483,"potions_floor_usage":[28,31,39,50,50],"damage_taken":[{"damage":6,"enemies":"Jaw Worm","floor":1,"turns":2},{"damage":10,"enemies":"Blue Slaver","floor":3,"turns":3},{"damage":4,"enemies":"Cultist","floor":5,"turns":2},{"damage":34,"enemies":"Gremlin Nob","floor":7,"turns":4},{"damage":4,"enemies":"2 Fungi Beasts","floor":10,"turns":1},{"damage":5,"enemies":"The Mushroom Lair","floor":11,"turns":3},{"damage":4,"enemies":"3 Sentries","floor":12,"turns":2},{"damage":0,"enemies":"Looter","floor":14,"turns":2},{"damage":68,"enemies":"Hexaghost","floor":16,"turns":10},{"damage":44,"enemies":"2 Thieves","floor":18,"turns":4},{"damage":40,"enemies":"Gremlin Leader","floor":28,"turns":6},{"damage":11,"enemies":"Shell Parasite","floor":30,"turns":5},{"damage":1,"enemies":"Chosen and Byrds","floor":31,"turns":5},{"damage":71,"enemies":"Collector","floor":33,"turns":10},{"damage":12,"enemies":"3 Shapes","floor":35,"turns":3},{"damage":25,"enemies":"3 Darklings","floor":36,"turns":3},{"damage":31,"enemies":"4 Shapes","floor":39,"turns":7},{"damage":73,"enemies":"Giant Head","floor":42,"turns":8},{"damage":0,"enemies":"Sphere and 2 Shapes","floor":44,"turns":2},{"damage":40,"enemies":"3 Darklings","floor":46,"turns":4},{"damage":22,"enemies":"Maw","floor":48,"turns":7},{"damage":111,"enemies":"Donu and Deca","floor":50,"turns":7}],"event_choices":[{"event_name":"Upgrade Shrine","player_choice":"Upgraded","floor":2,"damage_taken":0},{"event_name":"The Cleric","player_choice":"Card Removal","floor":4,"damage_taken":0},{"event_name":"Mushrooms","player_choice":"Fought Mushrooms","floor":11,"damage_taken":0},{"event_name":"Forgotten Altar","player_choice":"Smashed Altar","floor":19,"damage_taken":0},{"event_name":"The Mausoleum","player_choice":"Yes","floor":21,"damage_taken":0},{"event_name":"Upgrade Shrine","player_choice":"Upgraded","floor":22,"damage_taken":0},{"event_name":"The Lab","player_choice":"Got Potions","floor":24,"damage_taken":0},{"event_name":"Tomb of Lord Red Mask","player_choice":"Ignored","floor":37,"damage_taken":0},{"event_name":"Winding Halls","player_choice":"Writhe","floor":38,"damage_taken":0}],"boss_relics":[{"not_picked":["Lizard Tail","Tiny House"],"picked":"Black Star"},{"not_picked":["Black Blood","Astrolabe"],"picked":"Philosopher\u0027s Stone"}],"potions_floor_spawned":[1,5,11,12,28,30,33,36,39,48],"seed_played":"7003971767155380902","killed_by":"Donu and Deca","ascension_level":3,"is_trial":false}