{"path_per_floor":["M","$","?","M","$","E","$","E","T","E","M","R","$","E","R","B",null,"M","M","?","?","$","M","R","E","T","M","R","E","M","M","R","B",null,"M","?","$","M","$","E","?","E","T","R","M","E","M","M","R","B"],"character_chosen":"IRONCLAD","items_purchased":["Metallicize","Blood for Blood","Headbutt","Spot Weakness","Metallicize","Apotheosis"],"gold_per_floor":[113,41,41,59,59,90,8,36,36,64,80,80,5,36,36,134,134,152,165,65,65,65,75,75,108,108,122,122,154,164,176,176,272,272,286,286,204,221,21,54,106,140,194,194,212,239,254,267,267,267],"floor_reached":51,"campfire_rested":6,"playtime":2211,"current_hp_per_floor":[79,79,76,78,78,67,67,40,40,40,46,70,70,68,68,48,90,86,59,59,59,59,64,92,78,78,63,91,81,75,70,96,70,99,97,97,97,99,99,80,80,61,61,97,91,72,66,72,108,62],"items_purged":[],"gold":267,"score":784,"play_id":"6b27fa1f-ddd4-48d4-877d-515e1cef33d2","is_prod":false,"is_daily":false,"is_ascension_mode":true,"campfire_upgraded":1,"path_taken":["M","$","?","M","?","E","?","E","T","E","M","R","$","E","R","BOSS","M","M","?","?","$","M","R","E","T","?","R","E","M","M","R","BOSS","M","?","$","M","$","E","?","E","T","R","M","E","M","?","R","BOSS"],"build_version":"2018-02-08-PROD1","purchased_purges":1,"victory":true,"master_deck":["Strike_R","Strike_R+1","Strike_R","Strike_R","Defend_R","Defend_R","Defend_R","Defend_R","Bash","Iron Wave","Metallicize","Sword Boomerang","Shockwave","Blood for Blood","Headbutt","Sword Boomerang","Flame Barrier","Shrug It Off","Spot Weakness+1","Seeing Red+1","Feed","Warcry","Whirlwind","Ghostly Armor+1","Heavy Blade","Metallicize+1","Feed+1","Sever Soul","Flex+1","Feed","Iron Wave+1","Metallicize","Blood for Blood","Apotheosis","Rage+1","Headbutt","Juggernaut","Uppercut+1","Dropkick+1","Warcry","Battle Trance+1","Dual Wield+1"],"max_hp_per_floor":[80,80,80,80,80,80,80,80,80,80,80,80,80,90,90,90,90,93,93,93,93,93,96,96,96,96,96,96,96,96,96,96,99,99,99,99,99,99,99,99,117,120,120,120,120,120,120,120,120,120],"relics":["Burning Blood","Ancient Tea Set","Happy Flower","Darkstone Periapt","Red Skull","Ginger","Pear","Runic Cube","Mercury Hourglass","War Paint","Vajra","Anchor","Velvet Choker","Pen Nib","Mango","Whetstone","Oddly Smooth Stone","Dream Catcher"],"card_choices":[{"not_picked":["Clash","Armaments"],"picked":"Iron Wave"},{"not_picked":["Armaments","Perfected Strike"],"picked":"Sword Boomerang"},{"not_picked":["Hemokinesis","True Grit"],"picked":"Shockwave"},{"not_picked":["Perfected Strike","Brutality"],"picked":"Sword Boomerang"},{"not_picked":["Warcry","Body Slam"],"picked":"Flame Barrier"},{"not_picked":["Ghostly Armor","Anger"],"picked":"Shrug It Off"},{"not_picked":["Wild Strike","Corruption"],"picked":"Seeing Red"},{"not_picked":["Immolate","Berserk"],"picked":"Feed"},{"not_picked":["Iron Wave","Sword Boomerang"],"picked":"Warcry"},{"not_picked":["Clash","Perfected Strike"],"picked":"Whirlwind"},{"not_picked":["Havoc","Flex"],"picked":"Ghostly Armor"},{"not_picked":["Body Slam","Flex"],"picked":"Heavy Blade"},{"not_picked":["Exhume","Evolve"],"picked":"Metallicize"},{"not_picked":["Anger","True Grit"],"picked":"Feed"},{"not_picked":["Searing Blow","Sword Boomerang"],"picked":"Sever Soul"},{"not_picked":["Shockwave","Sever Soul"],"picked":"Flex"},{"not_picked":["Impervious","Fiend Fire"],"picked":"Feed"},{"not_picked":["Body Slam","Shockwave"],"picked":"Iron Wave"},{"not_picked":["Searing Blow","Disarm"],"picked":"Blood for Blood"},{"not_picked":["Thunderclap","Rupture"],"picked":"Rage"},{"not_picked":["Thunderclap","Fire Breathing"],"picked":"Headbutt"},{"not_picked":["Armaments","Sever Soul"],"picked":"Juggernaut"},{"not_picked":["Havoc","Headbutt"],"picked":"Uppercut"},{"not_picked":["Feel No Pain","Heavy Blade"],"picked":"Dropkick"},{"not_picked":["Twin Strike","Anger"],"picked":"Warcry"},{"not_picked":["Perfected Strike","Fiend Fire"],"picked":"Battle Trance"},{"not_picked":["Sword Boomerang","Clash"],"picked":"Dual Wield"}],"player_experience":139376,"potions_floor_usage":[16,29,29,41,46,50,50,50],"damage_taken":[{"damage":7,"enemies":"2 Louse","floor":1,"turns":2},{"damage":4,"enemies":"Small Slimes","floor":4,"turns":5},{"damage":17,"enemies":"Gremlin Nob","floor":6,"turns":5},{"damage":33,"enemies":"Lagavulin","floor":8,"turns":6},{"damage":6,"enemies":"Gremlin Nob","floor":10,"turns":3},{"damage":0,"enemies":"Cultist","floor":11,"turns":2},{"damage":18,"enemies":"3 Sentries","floor":14,"turns":5},{"damage":26,"enemies":"Slime Boss","floor":16,"turns":7},{"damage":13,"enemies":"3 Byrds","floor":18,"turns":4},{"damage":33,"enemies":"Spheric Guardian","floor":19,"turns":6},{"damage":4,"enemies":"Centurion and Healer","floor":23,"turns":7},{"damage":20,"enemies":"Gremlin Leader","floor":25,"turns":5},{"damage":21,"enemies":"Snake Plant","floor":27,"turns":5},{"damage":16,"enemies":"Slavers","floor":29,"turns":4},{"damage":12,"enemies":"Snecko","floor":30,"turns":6},{"damage":11,"enemies":"Centurion and Healer","floor":31,"turns":9},{"damage":35,"enemies":"Collector","floor":33,"turns":8},{"damage":8,"enemies":"3 Darklings","floor":35,"turns":2},{"damage":1,"enemies":"Orb Walker","floor":38,"turns":4},{"damage":25,"enemies":"Nemesis","floor":40,"turns":7},{"damage":24,"enemies":"Mysterious Sphere","floor":41,"turns":5},{"damage":28,"enemies":"2 Orb Walkers","floor":42,"turns":5},{"damage":12,"enemies":"4 Shapes","floor":45,"turns":3},{"damage":25,"enemies":"Giant Head","floor":46,"turns":10},{"damage":12,"enemies":"3 Darklings","floor":47,"turns":3},{"damage":0,"enemies":"Maw","floor":48,"turns":4},{"damage":64,"enemies":"Donu and Deca","floor":50,"turns":8}],"event_choices":[{"event_name":"Scrap Ooze","player_choice":"success","floor":3,"damage_taken":3},{"event_name":"Drug Dealer","player_choice":"Got JAXXED","floor":20,"damage_taken":0},{"event_name":"Addict","player_choice":"Gave JAX","floor":21,"damage_taken":0},{"event_name":"Tomb of Lord Red Mask","player_choice":"Ignored","floor":36,"damage_taken":0},{"event_name":"Mysterious Sphere","player_choice":"Fight","floor":41,"damage_taken":0}],"boss_relics":[{"not_picked":["White Beast Statue","Runic Pyramid"],"picked":"Runic Cube"},{"not_picked":["Black Blood","Runic Dome"],"picked":"Velvet Choker"}],"potions_floor_spawned":[8,10,14,16,18,19,33,41,45,48],"seed_played":"-4485004945547137126","ascension_level":1,"is_trial":false}