{"path_per_floor":["M","M","?","?","?","E","?","E","T","R","?","M","M","M","R","B",null,"M","M","$"],"character_chosen":"IRONCLAD","items_purchased":["Inflame","Bludgeon"],"gold_per_floor":[19,33,33,108,108,152,152,190,190,190,190,215,236,252,252,377,377,393,406,252],"floor_reached":21,"campfire_rested":2,"playtime":693,"current_hp_per_floor":[79,80,74,63,68,46,46,11,11,34,27,21,23,23,46,9,79,52,18,18],"items_purged":[],"gold":252,"score":227,"play_id":"7af1f554-9afe-45db-84af-d8305b47ba0b","is_prod":false,"is_daily":false,"is_ascension_mode":true,"campfire_upgraded":0,"path_taken":["M","M","?","?","?","E","?","E","T","R","?","M","M","?","R","BOSS","M","M","$","M"],"build_version":"2018-02-08-PROD1","purchased_purges":1,"victory":false,"master_deck":["Strike_R","Strike_R","Strike_R","Strike_R","Strike_R","Defend_R","Defend_R","Defend_R","Defend_R","Bash","Pommel Strike","Whirlwind","Ghostly Armor","Flame Barrier","Blood for Blood","Headbutt","Fiend Fire","Demon Form","Shockwave","Seeing Red","Inflame","Bludgeon"],"max_hp_per_floor":[80,80,74,74,79,79,79,79,79,79,79,79,79,79,79,79,79,79,79,79],"relics":["Burning Blood","Unceasing Top","Golden Idol","Toolbox","Singing Bowl","Ancient Tea Set","Black Star"],"card_choices":[{"not_picked":["Rupture","Clothesline"],"picked":"Pommel Strike"},{"not_picked":["Perfected Strike","Flex"],"picked":"Whirlwind"},{"not_picked":["Clash","Intimidate"],"picked":"Ghostly Armor"},{"not_picked":["Perfected Strike","True Grit"],"picked":"Flame Barrier"},{"not_picked":["Wild Strike","Sword Boomerang"],"picked":"Blood for Blood"},{"not_picked":["Rage","Hemokinesis"],"picked":"Headbutt"},{"not_picked":["True Grit","Feel No Pain"],"picked":"Fiend Fire"},{"not_picked":["Brutality","Exhume"],"picked":"Demon Form"},{"not_picked":["Fire Breathing","Flame Barrier"],"picked":"Shockwave"},{"not_picked":["Havoc","Anger"],"picked":"Seeing Red"}],"player_experience":153906,"potions_floor_usage":[6,8,19],"damage_taken":[{"damage":7,"enemies":"Jaw Worm","floor":1,"turns":3},{"damage":1,"enemies":"Cultist","floor":2,"turns":4},{"damage":28,"enemies":"Gremlin Nob","floor":6,"turns":4},{"damage":41,"enemies":"Lagavulin","floor":8,"turns":6},{"damage":12,"enemies":"Small Slimes","floor":12,"turns":4},{"damage":4,"enemies":"2 Fungi Beasts","floor":13,"turns":3},{"damage":6,"enemies":"3 Louse","floor":14,"turns":2},{"damage":43,"enemies":"The Guardian","floor":16,"turns":15},{"damage":33,"enemies":"2 Thieves","floor":18,"turns":5},{"damage":40,"enemies":"Chosen","floor":19,"turns":9},{"damage":21,"enemies":"Snake Plant","floor":21,"turns":3}],"event_choices":[{"event_name":"Golden Idol","player_choice":"Lose Max HP","floor":3,"damage_taken":0},{"event_name":"World of Goop","player_choice":"Gather Gold","floor":4,"damage_taken":0},{"event_name":"Big Fish","player_choice":"Donut","floor":5,"damage_taken":0},{"event_name":"Golden Wing","player_choice":"Ignored","floor":7,"damage_taken":0},{"event_name":"Wheel of Change","player_choice":"Damage","floor":11,"damage_taken":0}],"boss_relics":[{"not_picked":["Calling Bell","White Beast Statue"],"picked":"Black Star"}],"potions_floor_spawned":[1,6,12,18],"seed_played":"-174640413028063355","killed_by":"Snake Plant","ascension_level":4,"is_trial":false}