{"path_per_floor":["M","?","?","M","?","R","M","R","T","M","M","R","E","T","R","B",null,"M","M","?","M","?","R","?","R","T","R","$","M","$","M","R","B",null,"M","?","?","M","M","R","$","M","T","$","T","M","M","M","R"],"character_chosen":"IRONCLAD","items_purchased":["War Paint","Shrug It Off"],"gold_per_floor":[113,113,113,126,126,126,145,145,145,162,179,179,207,281,281,382,382,382,382,382,382,307,307,307,307,307,307,84,84,61,61,61,61,61,61,0,0,0,0,0,0,0,0,0,0,0,0,0,0],"floor_reached":50,"campfire_rested":2,"playtime":2600,"current_hp_per_floor":[80,80,80,75,80,80,85,85,85,82,61,61,51,61,61,35,95,93,95,95,78,78,78,59,89,89,89,89,95,95,100,100,42,100,97,97,94,100,98,98,98,90,90,90,90,87,100,85,100],"items_purged":["Strike_R"],"gold":0,"score":444,"play_id":"4feacf07-6fe4-4655-a666-c93d988d487c","is_prod":false,"is_daily":false,"is_ascension_mode":false,"campfire_upgraded":8,"path_taken":["M","?","?","?","?","R","M","R","T","M","M","R","E","?","R","BOSS","M","M","?","M","?","R","?","R","T","R","?","?","?","M","R","BOSS","M","?","?","?","M","R","$","M","T","?","?","?","?","M","R","BOSS"],"build_version":"2018-02-08-PROD1","purchased_purges":1,"victory":false,"master_deck":["Strike_R","Strike_R","Defend_R+1","Defend_R+1","Defend_R+1","Defend_R","Bash+1","Pommel Strike+1","Iron Wave+1","Clothesline+1","Cleave+1","Reaper+1","Shrug It Off+1","Spot Weakness+1","Shrug It Off+1","Shrug It Off+1","Iron Wave+1","Reaper","Headbutt","Ghostly Armor+1","Carnage+1"],"max_hp_per_floor":[80,80,80,80,85,85,85,85,85,85,85,85,85,95,95,95,95,95,95,95,95,95,95,100,100,100,100,100,100,100,100,100,100,100,100,100,100,100,100,100,100,100,100,100,100,100,100,100,100],"relics":["Burning Blood","Meat on the Bone","Bottled Flame","Pear","Ectoplasm","Lantern","War Paint","White Beast Statue","Red Mask","Frozen Eye","Tiny Chest","Mercury Hourglass"],"card_choices":[{"not_picked":["Body Slam","Dropkick"],"picked":"Pommel Strike"},{"not_picked":["Twin Strike","Rage"],"picked":"Iron Wave"},{"not_picked":["Evolve","Reckless Charge"],"picked":"Clothesline"},{"not_picked":["Thunderclap","Sentinel"],"picked":"Cleave"},{"not_picked":["Berserk","Juggernaut"],"picked":"Reaper"},{"not_picked":["Havoc","Sword Boomerang"],"picked":"Shrug It Off"},{"not_picked":["Metallicize","Flex"],"picked":"Spot Weakness"},{"not_picked":["Hemokinesis","Fire Breathing"],"picked":"Shrug It Off"},{"not_picked":["Cleave","Clash"],"picked":"Iron Wave"},{"not_picked":["Bludgeon","Feed"],"picked":"Reaper"},{"not_picked":["Shrug It Off","Flex"],"picked":"Headbutt"},{"not_picked":["Clash","Carnage"],"picked":"Ghostly Armor"},{"not_picked":["Dual Wield","Dark Embrace"],"picked":"Carnage"}],"player_experience":149687,"potions_floor_usage":[16,33,33,33,50,50,50],"damage_taken":[{"damage":1,"enemies":"2 Louse","floor":1,"turns":3},{"damage":11,"enemies":"Blue Slaver","floor":4,"turns":4},{"damage":0,"enemies":"Small Slimes","floor":7,"turns":3},{"damage":9,"enemies":"2 Fungi Beasts","floor":10,"turns":4},{"damage":27,"enemies":"Exordium Thugs","floor":11,"turns":9},{"damage":28,"enemies":"3 Sentries","floor":13,"turns":7},{"damage":44,"enemies":"The Guardian","floor":16,"turns":11},{"damage":8,"enemies":"Chosen","floor":18,"turns":4},{"damage":2,"enemies":"Shell Parasite","floor":19,"turns":7},{"damage":23,"enemies":"Snake Plant","floor":21,"turns":7},{"damage":10,"enemies":"Centurion and Healer","floor":29,"turns":8},{"damage":3,"enemies":"Cultist and Chosen","floor":31,"turns":5},{"damage":83,"enemies":"Collector","floor":33,"turns":17},{"damage":31,"enemies":"3 Darklings","floor":35,"turns":6},{"damage":44,"enemies":"Mysterious Sphere","floor":37,"turns":8},{"damage":3,"enemies":"Orb Walker","floor":38,"turns":4},{"damage":36,"enemies":"Sphere and 2 Shapes","floor":39,"turns":9},{"damage":14,"enemies":"3 Darklings","floor":42,"turns":5},{"damage":34,"enemies":"Maw","floor":46,"turns":10},{"damage":17,"enemies":"4 Shapes","floor":47,"turns":4},{"damage":21,"enemies":"3 Darklings","floor":48,"turns":4},{"damage":149,"enemies":"Donu and Deca","floor":50,"turns":8}],"event_choices":[{"event_name":"Bonfire Elementals","player_choice":"BASIC","floor":2,"damage_taken":0},{"event_name":"The Woman in Blue","player_choice":"Bought 0 Potions","floor":3,"damage_taken":0},{"event_name":"Big Fish","player_choice":"Donut","floor":5,"damage_taken":0},{"event_name":"Upgrade Shrine","player_choice":"Upgraded","floor":20,"damage_taken":0},{"event_name":"Beggar","player_choice":"Gave Gold","floor":22,"damage_taken":0},{"event_name":"Forgotten Altar","player_choice":"Shed Blood","floor":24,"damage_taken":0},{"event_name":"Tomb of Lord Red Mask","player_choice":"Paid","floor":36,"damage_taken":0},{"event_name":"Mysterious Sphere","player_choice":"Fight","floor":37,"damage_taken":0}],"boss_relics":[{"not_picked":["Astrolabe","Cursed Key"],"picked":"Ectoplasm"},{"not_picked":["Lizard Tail","Runic Pyramid"],"picked":"White Beast Statue"}],"potions_floor_spawned":[10,13,18,29,35,37,38,39,42,46,47,48],"seed_played":"-5166960818179255732","killed_by":"Donu and Deca","ascension_level":0,"is_trial":false}