{"path_per_floor":["M","M","?","$","?","R","E","?","T","M","R","?","$","M","R","B",null,"M","?","$","M","M","R","$","M","T","M","?","$","R","M","R","B",null,"M","$","?","?","M","R","M","R","T","M","?","$","M","M","R","B"],"character_chosen":"IRONCLAD","items_purchased":["Inflame","Shrug It Off","Shrug It Off"],"gold_per_floor":[114,129,204,30,30,30,59,59,59,70,70,70,70,88,88,188,188,200,200,76,93,108,108,108,118,143,161,161,36,36,51,51,153,153,171,21,21,21,31,31,51,51,105,117,117,117,130,143,143,143],"floor_reached":51,"campfire_rested":4,"playtime":2369,"current_hp_per_floor":[80,79,68,68,61,61,53,53,53,58,58,58,58,51,79,41,94,78,78,78,66,58,58,58,56,56,38,38,38,66,56,84,23,94,88,88,88,88,84,84,76,76,76,61,61,61,29,17,45,9],"items_purged":["Strike_R","Strike_R","Strike_R","Defend_R"],"gold":143,"score":497,"play_id":"1ded65c8-6cf7-4f69-90a8-57ca63e1fcec","is_prod":false,"is_daily":false,"is_ascension_mode":false,"campfire_upgraded":5,"path_taken":["M","M","?","$","?","R","E","?","T","M","R","?","?","M","R","BOSS","M","?","?","M","M","R","$","M","T","M","?","$","R","M","R","BOSS","M","$","?","?","M","R","M","R","T","M","?","$","M","M","R","BOSS"],"build_version":"2018-02-12-PROD1","purchased_purges":4,"victory":true,"master_deck":["Defend_R","Defend_R","Headbutt","Pommel Strike+1","Inflame+1","Shrug It Off+1","Impervious","Twin Strike","Cleave+1","Shrug It Off+1","Uppercut","Spot Weakness","Impervious","Disarm+1","Whirlwind","Ghostly Armor+1"],"max_hp_per_floor":[80,80,80,80,80,80,94,94,94,94,94,94,94,94,94,94,94,94,94,94,94,94,94,94,94,94,94,94,94,94,94,94,94,94,94,94,94,94,94,94,94,94,94,94,94,94,94,94,94,94],"relics":["Burning Blood","Juzu Bracelet","Dream Catcher","Mango","Sundial","Runic Cube","Orichalcum","Sozu","Ancient Tea Set"],"card_choices":[{"not_picked":["Havoc","Warcry"],"picked":"Headbutt"},{"not_picked":["Carnage","Thunderclap"],"picked":"Pommel Strike"},{"not_picked":["Thunderclap","Havoc"],"picked":"Impervious"},{"not_picked":["Sentinel","Hemokinesis"],"picked":"Twin Strike"},{"not_picked":["Evolve","Searing Blow"],"picked":"Cleave"},{"not_picked":["Fire Breathing","Flame Barrier"],"picked":"Uppercut"},{"not_picked":["Sever Soul","Thunderclap"],"picked":"Spot Weakness"},{"not_picked":["Juggernaut","Bludgeon"],"picked":"Impervious"},{"not_picked":["Rage","Anger"],"picked":"Disarm"},{"not_picked":["Pommel Strike","Headbutt"],"picked":"Ghostly Armor"}],"player_experience":158264,"potions_floor_usage":[33,33],"damage_taken":[{"damage":3,"enemies":"Jaw Worm","floor":1,"turns":6},{"damage":7,"enemies":"Small Slimes","floor":2,"turns":4},{"damage":28,"enemies":"Gremlin Nob","floor":7,"turns":4},{"damage":1,"enemies":"Cultist","floor":10,"turns":4},{"damage":13,"enemies":"2 Fungi Beasts","floor":14,"turns":3},{"damage":44,"enemies":"The Guardian","floor":16,"turns":10},{"damage":22,"enemies":"2 Thieves","floor":18,"turns":4},{"damage":18,"enemies":"Spheric Guardian","floor":21,"turns":6},{"damage":14,"enemies":"Snake Plant","floor":22,"turns":6},{"damage":8,"enemies":"Centurion and Healer","floor":25,"turns":6},{"damage":24,"enemies":"Slaver and Parasite","floor":27,"turns":9},{"damage":16,"enemies":"3 Cultists","floor":31,"turns":4},{"damage":82,"enemies":"Automaton","floor":33,"turns":13},{"damage":12,"enemies":"Orb Walker","floor":35,"turns":4},{"damage":10,"enemies":"3 Darklings","floor":39,"turns":5},{"damage":14,"enemies":"Sphere and 2 Shapes","floor":41,"turns":5},{"damage":21,"enemies":"Maw","floor":44,"turns":10},{"damage":38,"enemies":"4 Shapes","floor":47,"turns":3},{"damage":18,"enemies":"3 Darklings","floor":48,"turns":5},{"damage":42,"enemies":"Time Eater","floor":50,"turns":17}],"event_choices":[{"event_name":"World of Goop","player_choice":"Gather Gold","floor":3,"damage_taken":0},{"event_name":"Scrap Ooze","player_choice":"success","floor":5,"damage_taken":7},{"event_name":"Living Wall","player_choice":"Forget","floor":8,"damage_taken":0},{"event_name":"Accursed Blacksmith","player_choice":"Ignore","floor":12,"damage_taken":0},{"event_name":"Back to Basics","player_choice":"Elegance","floor":19,"damage_taken":0},{"event_name":"Duplicator","player_choice":"Ignored","floor":28,"damage_taken":0},{"event_name":"Mysterious Sphere","player_choice":"Ignore","floor":38,"damage_taken":0},{"event_name":"Transmorgrifier","player_choice":"Transform","floor":45,"damage_taken":0}],"boss_relics":[{"not_picked":["Runic Dome","Eternal Feather"],"picked":"Runic Cube"},{"not_picked":["Tiny House","White Beast Statue"],"picked":"Sozu"}],"potions_floor_spawned":[7,10,18,22,31,33,39,41,44],"seed_played":"-5546185711642037201","ascension_level":0,"is_trial":false}