{"path_per_floor":["M","$","?","M","?","R","E","R","T","M","M","M","M","M","R","B",null,"M","$","?","M","?","R","?","R","T","M","M","M","R","M","R"],"character_chosen":"IRONCLAD","items_purchased":["Singing Bowl","Bandage Up","Master of Strategy"],"gold_per_floor":[217,69,69,79,179,179,213,213,237,252,266,282,301,316,316,411,411,423,46,46,61,61,61,61,61,131,150,168,184,184,199,199],"floor_reached":33,"campfire_rested":1,"playtime":1155,"current_hp_per_floor":[80,80,85,85,85,85,63,87,87,89,89,89,89,88,88,10,69,65,65,65,52,52,52,52,52,52,43,37,55,55,61,61],"items_purged":["Strike_R"],"gold":199,"score":340,"play_id":"39ff27d4-2d55-4f4e-adb0-334d24c5ee85","is_prod":false,"is_daily":false,"is_ascension_mode":true,"campfire_upgraded":6,"path_taken":["M","$","?","M","?","R","E","R","T","M","M","M","M","M","R","BOSS","M","$","?","M","?","R","?","R","T","M","M","M","R","M","R","BOSS"],"build_version":"2018-02-15-PROD1","purchased_purges":3,"victory":false,"master_deck":["Defend_R","Defend_R","Defend_R","Defend_R","Bash","Spot Weakness+1","Thunderclap","Shrug It Off","Shrug It Off","Searing Blow+4","Shockwave","Inflame","Impervious","Iron Wave+1","Bandage Up","Master of Strategy","Bite","Bite","Bite","Bite","Bite","Armaments+1","Metallicize+1","Seeing Red","Rampage+1"],"max_hp_per_floor":[80,80,85,85,85,85,87,87,87,89,89,89,89,89,89,89,89,89,89,89,91,63,63,63,63,63,63,65,65,65,65,65],"relics":["Burning Blood","Singing Bowl","Dream Catcher","Whetstone","Sozu","Paper Frog"],"card_choices":[{"not_picked":["Evolve","Anger"],"picked":"Spot Weakness"},{"not_picked":["Second Wind","Twin Strike"],"picked":"Thunderclap"},{"not_picked":["Havoc","Body Slam"],"picked":"Shrug It Off"},{"not_picked":["Anger","Perfected Strike"],"picked":"Shrug It Off"},{"not_picked":["Reaper","Spot Weakness"],"picked":"Searing Blow"},{"not_picked":["Twin Strike","Shrug It Off"],"picked":"Shockwave"},{"not_picked":["Armaments","Corruption"],"picked":"Inflame"},{"not_picked":["Berserk","Exhume"],"picked":"Impervious"},{"not_picked":["Body Slam","Thunderclap"],"picked":"Iron Wave"},{"not_picked":["Armaments","Uppercut"],"picked":"Metallicize"},{"not_picked":["Shrug It Off","Clash"],"picked":"Seeing Red"},{"not_picked":["Sword Boomerang","Anger"],"picked":"Rampage"}],"player_experience":212403,"potions_floor_usage":[16],"damage_taken":[{"damage":5,"enemies":"Small Slimes","floor":1,"turns":5},{"damage":6,"enemies":"Cultist","floor":4,"turns":4},{"damage":30,"enemies":"3 Sentries","floor":7,"turns":5},{"damage":1,"enemies":"2 Louse","floor":10,"turns":3},{"damage":2,"enemies":"2 Fungi Beasts","floor":11,"turns":4},{"damage":5,"enemies":"Red Slaver","floor":12,"turns":3},{"damage":5,"enemies":"Blue Slaver","floor":13,"turns":3},{"damage":7,"enemies":"Exordium Wildlife","floor":14,"turns":3},{"damage":84,"enemies":"Hexaghost","floor":16,"turns":10},{"damage":10,"enemies":"3 Byrds","floor":18,"turns":5},{"damage":25,"enemies":"Spheric Guardian","floor":21,"turns":5},{"damage":30,"enemies":"Snake Plant","floor":27,"turns":6},{"damage":28,"enemies":"3 Cultists","floor":28,"turns":5},{"damage":0,"enemies":"Chosen and Byrds","floor":29,"turns":5},{"damage":13,"enemies":"Cultist and Chosen","floor":31,"turns":6},{"damage":90,"enemies":"Collector","floor":33,"turns":9}],"event_choices":[{"event_name":"Big Fish","player_choice":"Donut","floor":3,"damage_taken":0},{"event_name":"Golden Shrine","player_choice":"Pray","floor":5,"damage_taken":0},{"event_name":"The Lab","player_choice":"Got Potions","floor":20,"damage_taken":0},{"event_name":"Vampires","player_choice":"Became a vampire","floor":22,"damage_taken":0},{"event_name":"The Library","player_choice":"Read","floor":24,"damage_taken":0}],"boss_relics":[{"not_picked":["Runic Pyramid","White Beast Statue"],"picked":"Sozu"}],"potions_floor_spawned":[1,4,13,14,21,28],"seed_played":"1293684822039269473","killed_by":"Collector","ascension_level":5,"is_trial":false}