{"path_per_floor":["M","?","M","?","M","R","E","$","T","E","M","?","E","M","R","B",null,"M","?","?","$","?","E","R","E","T","E","R","M","M","$","R","B",null,"M","$","M","?","?","R","E","M","T","R","$","E","M","M","R","B"],"character_chosen":"IRONCLAD","items_purchased":["Bottled Tornado","Bandage Up","Shrug It Off","Bag of Marbles","Metallicize","Inflame"],"gold_per_floor":[114,114,132,207,227,227,259,4,4,39,53,53,86,99,99,201,201,214,214,194,83,83,109,109,142,165,200,200,220,235,85,85,185,185,205,137,155,0,0,0,34,51,51,51,10,38,55,70,70,70],"floor_reached":51,"campfire_rested":4,"playtime":1824,"current_hp_per_floor":[71,68,67,56,61,80,66,66,80,70,41,72,74,77,77,63,94,68,94,94,94,94,85,85,54,54,7,35,61,37,37,65,58,94,66,66,67,67,67,94,94,92,92,92,92,67,90,88,88,56],"items_purged":[],"gold":70,"score":772,"play_id":"a0ca2a33-1c3e-4e72-a03a-cd97f085ba46","is_prod":false,"is_daily":false,"is_ascension_mode":true,"campfire_upgraded":4,"path_taken":["M","?","?","?","M","R","E","?","T","E","?","?","E","M","R","BOSS","M","?","?","$","?","E","R","E","T","E","R","M","?","$","R","BOSS","M","$","?","?","?","R","E","M","T","R","$","E","M","M","R","BOSS"],"build_version":"2018-02-08-PROD1","purchased_purges":0,"victory":true,"master_deck":["Strike_R","Strike_R","Strike_R","Strike_R","Strike_R","Defend_R","Defend_R","Defend_R","Defend_R+1","Bash","Iron Wave","Demon Form+1","Intimidate+1","Headbutt","Ghostly Armor","Armaments","Cleave","Heavy Blade+1","Double Tap+1","Armaments+1","Bandage Up","Shrug It Off","Whirlwind+1","Perfected Strike+1","Reaper","Anger+1","Clothesline+1","Feed","Pummel+1","Metallicize","Flame Barrier+1","Blood for Blood+1","Twin Strike+1","Inflame","Fiend Fire","Feel No Pain","Heavy Blade+1"],"max_hp_per_floor":[80,80,80,80,80,80,80,80,94,94,94,94,94,94,94,94,94,94,94,94,94,94,94,94,94,94,94,94,94,94,94,94,94,94,94,94,94,94,94,94,94,94,94,94,94,94,94,94,94,94],"relics":["Burning Blood","Dead Branch","Vajra","Bottled Tornado","Mango","Mummified Hand","Shuriken","Philosopher\u0027s Stone","Smiling Mask","War Paint","Pen Nib","Darkstone Periapt","Bag of Marbles","Sozu","Red Mask","Gambling Chip","Sundial","Oddly Smooth Stone"],"card_choices":[{"not_picked":["Feel No Pain","Wild Strike"],"picked":"Iron Wave"},{"not_picked":["Havoc","Iron Wave"],"picked":"Demon Form"},{"not_picked":["Perfected Strike","Power Through"],"picked":"Intimidate"},{"not_picked":["Sentinel","Searing Blow"],"picked":"Headbutt"},{"not_picked":["Cleave","Warcry"],"picked":"Ghostly Armor"},{"not_picked":["Wild Strike","Havoc"],"picked":"Armaments"},{"not_picked":["Flex","Reckless Charge"],"picked":"Cleave"},{"not_picked":["Body Slam","Warcry"],"picked":"Heavy Blade"},{"not_picked":["Reaper","Juggernaut"],"picked":"Double Tap"},{"not_picked":["Sever Soul","Iron Wave"],"picked":"Armaments"},{"not_picked":["Pummel","Flex"],"picked":"Whirlwind"},{"not_picked":["Reckless Charge","Pommel Strike"],"picked":"Perfected Strike"},{"not_picked":["Flex","Havoc"],"picked":"Reaper"},{"not_picked":["Warcry","Whirlwind"],"picked":"Anger"},{"not_picked":["Clash","Infernal Blade"],"picked":"Clothesline"},{"not_picked":["Double Tap","Berserk"],"picked":"Feed"},{"not_picked":["Clothesline","Armaments"],"picked":"Pummel"},{"not_picked":["Shockwave","Anger"],"picked":"Flame Barrier"},{"not_picked":["Headbutt","Pummel"],"picked":"Blood for Blood"},{"not_picked":["Iron Wave","Armaments"],"picked":"Twin Strike"},{"not_picked":["Ghostly Armor","Hemokinesis"],"picked":"Fiend Fire"},{"not_picked":["Cleave","True Grit"],"picked":"Feel No Pain"},{"not_picked":["Hemokinesis","Perfected Strike"],"picked":"Heavy Blade"}],"player_experience":151119,"potions_floor_usage":[10,18,18,25,27,33],"damage_taken":[{"damage":15,"enemies":"2 Louse","floor":1,"turns":3},{"damage":7,"enemies":"Small Slimes","floor":3,"turns":3},{"damage":1,"enemies":"Cultist","floor":5,"turns":3},{"damage":20,"enemies":"Lagavulin","floor":7,"turns":7},{"damage":16,"enemies":"3 Sentries","floor":10,"turns":6},{"damage":35,"enemies":"Gremlin Gang","floor":11,"turns":5},{"damage":4,"enemies":"Lagavulin","floor":13,"turns":6},{"damage":3,"enemies":"2 Fungi Beasts","floor":14,"turns":3},{"damage":20,"enemies":"Slime Boss","floor":16,"turns":6},{"damage":32,"enemies":"3 Byrds","floor":18,"turns":4},{"damage":19,"enemies":"Gremlin Leader","floor":23,"turns":5},{"damage":37,"enemies":"Slavers","floor":25,"turns":3},{"damage":57,"enemies":"Book of Stabbing","floor":27,"turns":5},{"damage":2,"enemies":"Chosen","floor":29,"turns":4},{"damage":40,"enemies":"Centurion and Healer","floor":30,"turns":4},{"damage":34,"enemies":"Champ","floor":33,"turns":7},{"damage":34,"enemies":"3 Darklings","floor":35,"turns":4},{"damage":5,"enemies":"Orb Walker","floor":37,"turns":2},{"damage":30,"enemies":"Giant Head","floor":41,"turns":6},{"damage":8,"enemies":"Maw","floor":42,"turns":5},{"damage":31,"enemies":"Nemesis","floor":46,"turns":4},{"damage":14,"enemies":"4 Shapes","floor":47,"turns":4},{"damage":8,"enemies":"3 Darklings","floor":48,"turns":3},{"damage":67,"enemies":"Awakened One","floor":50,"turns":7}],"event_choices":[{"event_name":"Scrap Ooze","player_choice":"success","floor":2,"damage_taken":3},{"event_name":"World of Goop","player_choice":"Gather Gold","floor":4,"damage_taken":0},{"event_name":"Big Fish","player_choice":"Banana","floor":12,"damage_taken":0},{"event_name":"The Library","player_choice":"Heal","floor":19,"damage_taken":0},{"event_name":"The Woman in Blue","player_choice":"Bought 1 Potion","floor":20,"damage_taken":0},{"event_name":"Drug Dealer","player_choice":"Ignored","floor":22,"damage_taken":0},{"event_name":"Tomb of Lord Red Mask","player_choice":"Paid","floor":38,"damage_taken":0},{"event_name":"Accursed Blacksmith","player_choice":"Forge","floor":39,"damage_taken":0}],"boss_relics":[{"not_picked":["Orrery","Runic Dome"],"picked":"Philosopher\u0027s Stone"},{"not_picked":["Question Card","Tiny House"],"picked":"Sozu"}],"potions_floor_spawned":[5,10,11,14,18,30,37,42,47],"seed_played":"2195090753959445674","ascension_level":3,"is_trial":false}