{"path_per_floor":["M","$","M","$","M","R","M","$","T","E","M","$","M","M","R","B",null,"M","?","?","?","M","R","E","R","T","$","M","M","M","?","R","B",null,"M","?","$","M","M"],"character_chosen":"IRONCLAD","items_purchased":["Offering","Thread and Needle"],"gold_per_floor":[113,36,47,47,59,59,70,70,70,100,119,44,55,70,70,168,168,187,187,187,187,199,199,225,225,304,9,22,35,45,45,45,140,140,152,152,52,72,89],"floor_reached":40,"campfire_rested":0,"playtime":1687,"current_hp_per_floor":[80,80,80,80,80,80,80,80,80,74,78,78,83,71,71,7,86,90,90,90,90,95,95,71,71,71,71,81,87,93,93,93,81,121,119,119,119,121,107],"items_purged":["Strike_R","Writhe"],"gold":89,"score":464,"play_id":"b38322b9-7b22-4573-a266-99a452793f21","is_prod":false,"is_daily":false,"is_ascension_mode":true,"campfire_upgraded":5,"path_taken":["M","$","M","?","?","R","M","$","T","E","M","$","M","?","R","BOSS","M","?","?","?","M","R","E","R","T","$","M","?","M","?","R","BOSS","M","?","$","M","M","E"],"build_version":"2018-02-15-PROD1","purchased_purges":2,"victory":false,"master_deck":["Bash","Armaments+1","Offering+1","Flex","Uppercut","Metallicize","Feed+1","Flame Barrier","Sword Boomerang","Flex","True Grit+1","Cleave","Intimidate","Sentinel","Battle Trance+1","Shockwave","Limit Break+1","Double Tap","Power Through"],"max_hp_per_floor":[80,80,80,80,80,80,80,80,80,80,82,82,84,86,86,86,86,90,90,90,90,95,95,101,101,101,101,107,111,117,117,117,121,121,125,125,125,127,133],"relics":["Burning Blood","NeowsBlessing","Bird Faced Urn","Singing Bowl","Pandora\u0027s Box","Pen Nib","Mercury Hourglass","Thread and Needle","Paper Frog","Eternal Feather"],"card_choices":[{"not_picked":["Heavy Blade","Cleave"],"picked":"Armaments"},{"not_picked":["Entrench","Heavy Blade"],"picked":"Flex"},{"not_picked":["Wild Strike","Barricade"],"picked":"Uppercut"},{"not_picked":["Headbutt","Rupture"],"picked":"Metallicize"},{"not_picked":["Reaper","Juggernaut"],"picked":"Feed"},{"not_picked":["Flex","Sword Boomerang"],"picked":"Battle Trance"},{"not_picked":["Pummel","Iron Wave"],"picked":"Limit Break"},{"not_picked":["Juggernaut","Demon Form"],"picked":"Double Tap"},{"not_picked":["True Grit","Feel No Pain"],"picked":"Power Through"}],"player_experience":216095,"potions_floor_usage":[10,10,16,24,28,33,33],"damage_taken":[{"damage":0,"enemies":"Cultist","floor":1,"turns":1},{"damage":0,"enemies":"2 Louse","floor":3,"turns":1},{"damage":0,"enemies":"Small Slimes","floor":5,"turns":1},{"damage":1,"enemies":"Exordium Wildlife","floor":7,"turns":4},{"damage":12,"enemies":"Gremlin Nob","floor":10,"turns":3},{"damage":6,"enemies":"Blue Slaver","floor":11,"turns":5},{"damage":5,"enemies":"Looter","floor":13,"turns":3},{"damage":22,"enemies":"Red Slaver","floor":14,"turns":4},{"damage":72,"enemies":"Slime Boss","floor":16,"turns":16},{"damage":5,"enemies":"Spheric Guardian","floor":18,"turns":5},{"damage":4,"enemies":"Shell Parasite","floor":22,"turns":6},{"damage":36,"enemies":"Book of Stabbing","floor":24,"turns":5},{"damage":4,"enemies":"3 Cultists","floor":28,"turns":3},{"damage":6,"enemies":"Sentry and Sphere","floor":29,"turns":6},{"damage":8,"enemies":"Centurion and Healer","floor":30,"turns":6},{"damage":24,"enemies":"Collector","floor":33,"turns":6},{"damage":12,"enemies":"3 Shapes","floor":35,"turns":3},{"damage":8,"enemies":"3 Darklings","floor":38,"turns":5},{"damage":28,"enemies":"Sphere and 2 Shapes","floor":39,"turns":5},{"damage":123,"enemies":"2 Orb Walkers","floor":40,"turns":7}],"event_choices":[{"event_name":"The Library","player_choice":"Read","floor":19,"damage_taken":0},{"event_name":"Drug Dealer","player_choice":"Ignored","floor":20,"damage_taken":0},{"event_name":"Back to Basics","player_choice":"Elegance","floor":21,"damage_taken":0},{"event_name":"The Mausoleum","player_choice":"Yes","floor":31,"damage_taken":0},{"event_name":"The Woman in Blue","player_choice":"Bought 0 Potions","floor":36,"damage_taken":0}],"boss_relics":[{"not_picked":["Black Star","Philosopher\u0027s Stone"],"picked":"Pandora\u0027s Box"},{"not_picked":["White Beast Statue","Runic Cube"],"picked":"Eternal Feather"}],"potions_floor_spawned":[5,7,10,13,16,18,22,28],"seed_played":"-938270497299059093","killed_by":"2 Orb Walkers","ascension_level":3,"is_trial":false}