{"path_per_floor":["M","M","?","M","?","E","?","R","T","?","M","M","?","M","R","B",null,"M","$","M","?"],"character_chosen":"IRONCLAD","items_purchased":["Molten Egg 2"],"gold_per_floor":[115,126,126,138,138,173,348,348,428,428,446,460,460,474,474,576,576,596,263,273,273],"floor_reached":22,"campfire_rested":2,"playtime":833,"current_hp_per_floor":[80,80,80,80,85,53,53,78,88,76,68,69,62,68,95,30,95,77,77,19,51],"items_purged":["Strike_R"],"gold":273,"score":220,"play_id":"838d0cc7-7798-40bc-8b4f-06fcf206da7a","is_prod":false,"is_daily":false,"is_ascension_mode":true,"campfire_upgraded":0,"path_taken":["M","?","?","M","?","E","?","R","T","?","M","?","?","M","R","BOSS","M","$","M","?","M"],"build_version":"2018-02-22-PROD2","purchased_purges":1,"victory":false,"master_deck":["Strike_R","Strike_R","Strike_R","Defend_R","Defend_R","Defend_R","Defend_R","Bash","Cleave","Whirlwind","Barricade","Pommel Strike","Twin Strike","Twin Strike","Feed"],"max_hp_per_floor":[80,80,80,80,85,85,85,85,95,95,95,95,95,95,95,95,95,95,95,98,98],"relics":["Burning Blood","Dream Catcher","Pear","Paper Frog","Black Star","Molten Egg 2"],"card_choices":[{"not_picked":["Clothesline","Flex"],"picked":"Whirlwind"},{"not_picked":["Thunderclap","Warcry"],"picked":"Barricade"},{"not_picked":["Dual Wield","Armaments"],"picked":"Pommel Strike"},{"not_picked":["Hemokinesis","Warcry"],"picked":"Twin Strike"},{"not_picked":["Clash","Ghostly Armor"],"picked":"Twin Strike"},{"not_picked":["Juggernaut","Immolate"],"picked":"Feed"}],"player_experience":108624,"potions_floor_usage":[6,6,12,16,16,20],"damage_taken":[{"damage":1,"enemies":"Cultist","floor":1,"turns":3},{"damage":5,"enemies":"Small Slimes","floor":2,"turns":3},{"damage":6,"enemies":"Jaw Worm","floor":4,"turns":5},{"damage":38,"enemies":"Lagavulin","floor":6,"turns":9},{"damage":14,"enemies":"Blue Slaver","floor":11,"turns":4},{"damage":5,"enemies":"Looter","floor":12,"turns":3},{"damage":0,"enemies":"Large Slime","floor":14,"turns":5},{"damage":71,"enemies":"Slime Boss","floor":16,"turns":9},{"damage":24,"enemies":"Chosen","floor":18,"turns":5},{"damage":67,"enemies":"Shell Parasite","floor":20,"turns":7},{"damage":54,"enemies":"3 Cultists","floor":22,"turns":5}],"event_choices":[{"event_name":"The Lab","player_choice":"Got Potions","floor":3,"damage_taken":0},{"event_name":"Big Fish","player_choice":"Donut","floor":5,"damage_taken":0},{"event_name":"Liars Game","player_choice":"agreed","floor":7,"damage_taken":0},{"event_name":"Scrap Ooze","player_choice":"success","floor":10,"damage_taken":12},{"event_name":"Golden Wing","player_choice":"Card Removal","floor":13,"damage_taken":0},{"event_name":"The Library","player_choice":"Heal","floor":21,"damage_taken":0}],"boss_relics":[{"not_picked":["Mark of Pain","Lizard Tail"],"picked":"Black Star"}],"potions_floor_spawned":[2,6,12,18],"seed_played":"3902157248867048576","killed_by":"3 Cultists","ascension_level":1,"is_trial":false}