{"path_per_floor":["M","?","M","M","?","R","E","M","T","E","R","M","M","E","R"],"character_chosen":"IRONCLAD","items_purchased":[],"gold_per_floor":[148,148,161,180,180,180,207,217,243,271,271,284,296,326,326],"floor_reached":16,"campfire_rested":0,"playtime":493,"current_hp_per_floor":[80,77,80,80,80,80,47,51,58,23,23,15,17,19,19],"items_purged":[],"gold":326,"score":153,"play_id":"7390e073-81f9-43c1-ae58-ef7845592538","is_prod":false,"is_daily":false,"is_ascension_mode":true,"campfire_upgraded":3,"path_taken":["M","?","?","M","?","R","E","M","T","E","R","M","M","E","R","BOSS"],"build_version":"2018-02-15-PROD1","purchased_purges":0,"victory":false,"master_deck":["Strike_R","Strike_R","Strike_R","Strike_R","Strike_R","Defend_R","Defend_R","Defend_R","Defend_R","Bash","Pommel Strike","Iron Wave+1","Regret","Flex","Rampage+1","Disarm+1","Uppercut","Whirlwind","Infernal Blade"],"max_hp_per_floor":[80,80,80,80,80,80,80,80,87,87,87,87,87,87,87],"relics":["Burning Blood","Tiny Chest","Bag of Marbles","Ornamental Fan","Lantern","Strawberry","Juzu Bracelet","Bottled Lightning"],"card_choices":[{"not_picked":["Havoc","True Grit"],"picked":"Pommel Strike"},{"not_picked":["Warcry","Headbutt"],"picked":"Iron Wave"},{"not_picked":["Reaper","Pommel Strike"],"picked":"Flex"},{"not_picked":["Blood for Blood","Havoc"],"picked":"Rampage"},{"not_picked":["Combust","Warcry"],"picked":"Disarm"},{"not_picked":["Sword Boomerang","Havoc"],"picked":"Uppercut"},{"not_picked":["Rage","Headbutt"],"picked":"Whirlwind"},{"not_picked":["Bloodletting","Clash"],"picked":"Infernal Blade"}],"player_experience":241045,"potions_floor_usage":[7,14,16],"damage_taken":[{"damage":3,"enemies":"Small Slimes","floor":1,"turns":4},{"damage":3,"enemies":"Jaw Worm","floor":3,"turns":4},{"damage":0,"enemies":"Cultist","floor":4,"turns":2},{"damage":39,"enemies":"Lagavulin","floor":7,"turns":5},{"damage":2,"enemies":"3 Louse","floor":8,"turns":3},{"damage":41,"enemies":"3 Sentries","floor":10,"turns":9},{"damage":14,"enemies":"Large Slime","floor":12,"turns":6},{"damage":4,"enemies":"Blue Slaver","floor":13,"turns":2},{"damage":4,"enemies":"Gremlin Nob","floor":14,"turns":3},{"damage":24,"enemies":"Slime Boss","floor":16,"turns":3}],"event_choices":[{"event_name":"Scrap Ooze","player_choice":"success","floor":2,"damage_taken":3},{"event_name":"Big Fish","player_choice":"Box","floor":5,"damage_taken":0}],"boss_relics":[],"potions_floor_spawned":[3,4,10],"seed_played":"-336823705115201642","killed_by":"Slime Boss","ascension_level":5,"is_trial":false}