{"path_per_floor":["M","$","?","M","$","E","R","M","T","E","R","M","?","M","R","B",null,"M","?","$","?","M"],"character_chosen":"IRONCLAD","items_purchased":["Dexterity Potion","True Grit"],"gold_per_floor":[110,35,35,55,7,41,41,59,59,89,89,107,107,117,117,213,213,197,197,48,48,68],"floor_reached":23,"campfire_rested":0,"playtime":836,"current_hp_per_floor":[78,78,78,80,80,80,80,80,80,55,55,57,57,63,63,41,70,69,69,69,54,47],"items_purged":["Strike_R","Strike_R"],"gold":68,"score":336,"play_id":"3302b81d-ea71-4a80-9206-8586ca2fac4f","is_prod":false,"is_daily":false,"is_ascension_mode":true,"campfire_upgraded":3,"path_taken":["M","$","?","M","$","E","R","M","T","E","R","?","?","M","R","BOSS","M","?","$","?","M","E"],"build_version":"2018-02-22-PROD2","purchased_purges":2,"victory":false,"master_deck":["Strike_R+1","Strike_R+1","Strike_R+1","Defend_R+1","Defend_R+1","Defend_R+1","Defend_R+1","Bash","Parasite","Shrug It Off","Uppercut+1","Disarm+1","Inflame","Clash","Dual Wield+1","Shrug It Off","Immolate","Metallicize+1","True Grit","Clash"],"max_hp_per_floor":[80,80,80,80,80,80,80,80,80,80,80,80,80,80,80,80,80,80,80,80,85,85],"relics":["Burning Blood","NeowsBlessing","Oddly Smooth Stone","Peace Pipe","Self Forming Clay","Black Star"],"card_choices":[{"not_picked":["Twin Strike","Cleave"],"picked":"Shrug It Off"},{"not_picked":["Headbutt","Cleave"],"picked":"Uppercut"},{"not_picked":["Whirlwind","Havoc"],"picked":"Disarm"},{"not_picked":["Blood for Blood","Clash"],"picked":"Inflame"},{"not_picked":["Anger","Second Wind"],"picked":"Clash"},{"not_picked":["Havoc","Cleave"],"picked":"Dual Wield"},{"not_picked":["Sentinel","Entrench"],"picked":"Shrug It Off"},{"not_picked":["Double Tap","Exhume"],"picked":"Immolate"},{"not_picked":["Intimidate","True Grit"],"picked":"Metallicize"},{"not_picked":["Headbutt","Hemokinesis"],"picked":"Clash"}],"player_experience":274840,"potions_floor_usage":[10,16,18,22,23],"damage_taken":[{"damage":0,"enemies":"Small Slimes","floor":1,"turns":1},{"damage":0,"enemies":"Jaw Worm","floor":4,"turns":1},{"damage":0,"enemies":"Gremlin Nob","floor":6,"turns":1},{"damage":4,"enemies":"Cultist","floor":8,"turns":4},{"damage":31,"enemies":"3 Sentries","floor":10,"turns":11},{"damage":4,"enemies":"2 Fungi Beasts","floor":12,"turns":3},{"damage":0,"enemies":"Large Slime","floor":14,"turns":6},{"damage":28,"enemies":"Hexaghost","floor":16,"turns":11},{"damage":7,"enemies":"2 Thieves","floor":18,"turns":4},{"damage":13,"enemies":"Chosen","floor":22,"turns":8},{"damage":51,"enemies":"Gremlin Leader","floor":23,"turns":8}],"event_choices":[{"event_name":"The Cleric","player_choice":"Leave","floor":3,"damage_taken":0},{"event_name":"Shining Light","player_choice":"Ignored","floor":13,"damage_taken":0},{"event_name":"Back to Basics","player_choice":"Simplicity","floor":19,"damage_taken":0},{"event_name":"Forgotten Altar","player_choice":"Shed Blood","floor":21,"damage_taken":0}],"boss_relics":[{"not_picked":["Snecko Eye","White Beast Statue"],"picked":"Black Star"}],"potions_floor_spawned":[6,10,12,16,22],"seed_played":"-1845941439877922925","killed_by":"Gremlin Leader","ascension_level":10,"is_trial":false}