{"path_per_floor":["M","M","?","?","$","E","$","R","T","?","M","$","R","?","R","B",null,"M","M","$","?","M","R"],"character_chosen":"IRONCLAD","items_purchased":["Madness"],"gold_per_floor":[111,131,131,131,56,83,83,83,153,183,203,153,153,153,153,252,252,269,287,134,134,145,145],"floor_reached":24,"campfire_rested":0,"playtime":699,"current_hp_per_floor":[72,72,72,65,65,14,14,14,14,9,10,10,10,10,10,12,72,54,39,39,39,20,20],"items_purged":["Strike_R","Strike_R","Strike_R"],"gold":145,"score":192,"play_id":"2951afd2-6f27-4fcd-9795-bb1628032e64","is_prod":false,"is_daily":false,"is_ascension_mode":false,"campfire_upgraded":4,"path_taken":["M","M","?","?","$","E","?","R","T","?","?","$","R","?","R","BOSS","M","M","$","?","M","R","M"],"build_version":"2018-02-22-PROD2","purchased_purges":3,"victory":false,"master_deck":["Defend_R","Defend_R","Defend_R","Bash","Searing Blow+4","Headbutt","Whirlwind","Madness"],"max_hp_per_floor":[72,72,72,72,72,72,72,72,72,72,72,72,72,72,72,72,72,72,72,72,72,72,72],"relics":["Black Blood","Smiling Mask","Odd Mushroom","Nloth\u0027s Gift"],"card_choices":[{"not_picked":["Shockwave","Feel No Pain"],"picked":"Searing Blow"},{"not_picked":["Carnage","Exhume"],"picked":"Headbutt"},{"not_picked":["Twin Strike","Warcry"],"picked":"Whirlwind"}],"player_experience":423150,"potions_floor_usage":[10,16,16,18,18],"damage_taken":[{"damage":0,"enemies":"2 Louse","floor":1,"turns":3},{"damage":6,"enemies":"Cultist","floor":2,"turns":3},{"damage":57,"enemies":"Gremlin Nob","floor":6,"turns":6},{"damage":11,"enemies":"The Mushroom Lair","floor":10,"turns":6},{"damage":5,"enemies":"Jaw Worm","floor":11,"turns":4},{"damage":4,"enemies":"Slime Boss","floor":16,"turns":6},{"damage":28,"enemies":"3 Byrds","floor":18,"turns":5},{"damage":25,"enemies":"Spheric Guardian","floor":19,"turns":4},{"damage":29,"enemies":"Cultist and Chosen","floor":22,"turns":5},{"damage":20,"enemies":"Centurion and Healer","floor":24,"turns":3}],"event_choices":[{"event_name":"Liars Game","player_choice":"disagreed","floor":3,"damage_taken":0},{"event_name":"Golden Wing","player_choice":"Card Removal","floor":4,"damage_taken":0},{"event_name":"Mushrooms","player_choice":"Fought Mushrooms","floor":10,"damage_taken":0},{"event_name":"The Lab","player_choice":"Got Potions","floor":14,"damage_taken":0},{"event_name":"N\u0027loth","player_choice":"Traded a Letter Opener","floor":21,"damage_taken":0}],"boss_relics":[{"not_picked":["Pandora\u0027s Box","Runic Pyramid"],"picked":"Black Blood"}],"potions_floor_spawned":[2,6,16,22],"seed_played":"1948211011287951214","killed_by":"Centurion and Healer","ascension_level":0,"is_trial":false}