{"path_per_floor":["M","$","?","?","M","E","R","?","T","E","$","T","M","$","R","B",null,"M","?","?","$","?","M","R","?","T","M","E","M"],"character_chosen":"IRONCLAD","items_purchased":["Flex","Swift Potion","Flex","Pommel Strike"],"gold_per_floor":[113,38,38,38,48,73,73,73,142,181,35,35,60,10,10,136,136,150,150,150,27,27,50,50,50,50,74,114,139],"floor_reached":30,"campfire_rested":0,"playtime":1340,"current_hp_per_floor":[80,80,80,80,80,57,57,37,37,38,38,38,60,60,60,27,98,81,65,71,71,104,98,98,72,72,72,33,39],"items_purged":["Bash","Strike_R","Defend_R","Pain"],"gold":139,"score":280,"play_id":"4103c14d-af32-408b-b0c6-7fa343c091fd","is_prod":false,"is_daily":false,"is_ascension_mode":false,"campfire_upgraded":3,"path_taken":["M","$","?","?","M","E","R","?","T","E","?","?","M","$","R","BOSS","M","?","?","?","?","M","R","?","T","M","E","M","E"],"build_version":"2018-02-15-PROD1","purchased_purges":5,"victory":false,"master_deck":["Defend_R","Defend_R","Defend_R","Anger","Armaments+1","Pommel Strike","Reaper+1","Whirlwind+1","Seeing Red","Flex","Infernal Blade+1","Double Tap","Parasite","Doubt","Pummel+1","Writhe","Flex","Pommel Strike","Iron Wave+1","Bite","Bite","Bite","Bite","Bite","Seeing Red+1","Perfected Strike+1"],"max_hp_per_floor":[80,80,80,80,80,80,80,80,80,80,80,80,80,80,80,80,98,98,98,104,104,104,104,104,72,72,72,72,72],"relics":["Burning Blood","Shuriken","Golden Idol","Smiling Mask","Darkstone Periapt","Lantern","Calling Bell","Letter Opener","Bag of Marbles","Ancient Tea Set","Nilry\u0027s Codex","Champion Belt","Frozen Eye","Whetstone"],"card_choices":[{"not_picked":["Heavy Blade","Thunderclap"],"picked":"Anger"},{"not_picked":["Shockwave","Body Slam"],"picked":"Armaments"},{"not_picked":["Anger","Iron Wave"],"picked":"Whirlwind"},{"not_picked":["Blood for Blood","Clothesline"],"picked":"Seeing Red"},{"not_picked":["Immolate","Thunderclap"],"picked":"Infernal Blade"},{"not_picked":["Reaper","Brutality"],"picked":"Double Tap"},{"not_picked":["Bloodletting","Rage"],"picked":"Pummel"},{"not_picked":["Clothesline","Sword Boomerang"],"picked":"Iron Wave"},{"not_picked":["Disarm","Twin Strike"],"picked":"Seeing Red"},{"not_picked":["Wild Strike","Headbutt"],"picked":"Perfected Strike"}],"player_experience":36573,"potions_floor_usage":[6,6,10,16,18,18,27,30,30],"damage_taken":[{"damage":4,"enemies":"2 Louse","floor":1,"turns":4},{"damage":6,"enemies":"Cultist","floor":5,"turns":3},{"damage":33,"enemies":"Lagavulin","floor":6,"turns":6},{"damage":5,"enemies":"Gremlin Nob","floor":10,"turns":3},{"damage":0,"enemies":"Small Slimes","floor":13,"turns":2},{"damage":60,"enemies":"The Guardian","floor":16,"turns":11},{"damage":23,"enemies":"Chosen","floor":18,"turns":4},{"damage":12,"enemies":"2 Thieves","floor":23,"turns":3},{"damage":0,"enemies":"Snecko","floor":27,"turns":1},{"damage":49,"enemies":"Gremlin Leader","floor":28,"turns":6},{"damage":0,"enemies":"Chosen and Byrds","floor":29,"turns":1},{"damage":54,"enemies":"Book of Stabbing","floor":30,"turns":5}],"event_choices":[{"event_name":"Match and Keep!","player_choice":"2 cards matched","floor":3,"damage_taken":0},{"event_name":"The Lab","player_choice":"Got Potions","floor":4,"damage_taken":0},{"event_name":"Golden Idol","player_choice":"Take Damage","floor":8,"damage_taken":0},{"event_name":"Cursed Tome","player_choice":"Obtained Book","floor":19,"damage_taken":0},{"event_name":"The Mausoleum","player_choice":"Yes","floor":20,"damage_taken":0},{"event_name":"Wheel of Change","player_choice":"Full Heal","floor":22,"damage_taken":0},{"event_name":"Vampires","player_choice":"Became a vampire","floor":25,"damage_taken":0}],"boss_relics":[{"not_picked":["Sozu","Lizard Tail"],"picked":"Calling Bell"}],"potions_floor_spawned":[6,13,16,18,29],"seed_played":"-9046292227595580899","killed_by":"Book of Stabbing","ascension_level":0,"is_trial":false}