{"path_per_floor":["M","?","?","M","$","R","M","R","T","M","E","M","M","M","R","B",null,"M","?","$","M","?"],"character_chosen":"IRONCLAD","items_purchased":["Flex","Flash of Steel"],"gold_per_floor":[118,118,118,135,11,11,27,27,27,38,70,89,106,125,125,230,230,185,135,33,33,33],"floor_reached":23,"campfire_rested":0,"playtime":686,"current_hp_per_floor":[77,61,66,72,72,72,66,66,66,45,41,44,44,29,29,18,85,66,66,66,22,22],"items_purged":["Strike_R"],"gold":33,"score":193,"play_id":"6743fb76-02a5-4daa-ae04-31704efe27e7","is_prod":false,"is_daily":false,"is_ascension_mode":false,"campfire_upgraded":3,"path_taken":["M","?","?","M","?","R","M","R","T","M","E","?","M","M","R","BOSS","M","?","$","M","?","M"],"build_version":"2018-02-22-PROD1","purchased_purges":1,"victory":false,"master_deck":["Strike_R","Strike_R+1","Strike_R","Strike_R","Defend_R","Defend_R","Defend_R","Defend_R+1","Bash","Brutality+1","Seeing Red+1","Battle Trance","Flex","Pommel Strike+1","Shrug It Off","Warcry","Thunderclap","Shrug It Off","Barricade","Flash of Steel","Armaments"],"max_hp_per_floor":[80,80,85,85,85,85,85,85,85,85,85,85,85,85,85,85,85,85,85,85,85,85],"relics":["Burning Blood","Prayer Wheel","Ectoplasm"],"card_choices":[{"not_picked":["Blood for Blood","Sever Soul"],"picked":"Seeing Red"},{"not_picked":["Body Slam","Heavy Blade"],"picked":"Battle Trance"},{"not_picked":["Clash","Warcry"],"picked":"Pommel Strike"},{"not_picked":["Warcry","Power Through"],"picked":"Shrug It Off"},{"not_picked":["Disarm","Twin Strike"],"picked":"Warcry"},{"not_picked":["Shockwave","Anger"],"picked":"Thunderclap"},{"not_picked":["Bloodletting","Thunderclap"],"picked":"Shrug It Off"},{"not_picked":["Brutality","Dark Embrace"],"picked":"Barricade"},{"not_picked":["Cleave","Body Slam"],"picked":"Armaments"}],"player_experience":388578,"potions_floor_usage":[11,11,11,16,23],"damage_taken":[{"damage":9,"enemies":"2 Louse","floor":1,"turns":3},{"damage":0,"enemies":"Small Slimes","floor":4,"turns":3},{"damage":12,"enemies":"Jaw Worm","floor":7,"turns":2},{"damage":27,"enemies":"3 Louse","floor":10,"turns":4},{"damage":10,"enemies":"Lagavulin","floor":11,"turns":3},{"damage":3,"enemies":"Looter","floor":12,"turns":2},{"damage":6,"enemies":"Exordium Wildlife","floor":13,"turns":4},{"damage":21,"enemies":"Blue Slaver","floor":14,"turns":3},{"damage":17,"enemies":"Slime Boss","floor":16,"turns":7},{"damage":25,"enemies":"2 Thieves","floor":18,"turns":4},{"damage":50,"enemies":"3 Byrds","floor":21,"turns":6},{"damage":38,"enemies":"Snecko","floor":23,"turns":9}],"event_choices":[{"event_name":"Shining Light","player_choice":"Entered Light","floor":2,"damage_taken":0},{"event_name":"Big Fish","player_choice":"Donut","floor":3,"damage_taken":0},{"event_name":"The Joust","player_choice":"Bet on Murderer","floor":19,"damage_taken":0},{"event_name":"Match and Keep!","player_choice":"0 cards matched","floor":22,"damage_taken":0}],"boss_relics":[{"not_picked":["Black Blood","Eternal Feather"],"picked":"Ectoplasm"}],"potions_floor_spawned":[1,4,10,11,16],"seed_played":"5761727925471580348","killed_by":"Snecko","ascension_level":0,"is_trial":false}