{"path_per_floor":["M","$","?","M","?","R","M","?","T","R","M","M","$","M","R","B",null,"M","M","$","?","M","R","M","M","T","M","?","M","R","M","R","B",null,"M","M","?","M","M","R","E","R","T","R","?","R","$","M","R","B"],"character_chosen":"IRONCLAD","items_purchased":["Metallicize","Whirlwind","Metallicize"],"gold_per_floor":[212,20,95,107,107,107,132,132,186,186,209,225,44,68,68,198,198,123,123,123,123,123,123,123,123,123,123,38,38,38,38,38,38,38,38,38,38,38,38,38,38,38,38,38,38,38,38,38,38,38],"floor_reached":51,"campfire_rested":1,"playtime":2300,"current_hp_per_floor":[77,77,66,72,72,72,77,77,77,77,69,77,77,80,80,34,69,58,53,53,53,28,52,57,65,65,69,69,77,77,80,80,63,76,80,80,80,80,80,80,80,80,80,80,80,80,80,80,80,69],"items_purged":["Strike_R","Injury"],"gold":38,"score":712,"play_id":"d82082ec-0a21-484e-8b56-58c51a9b9a06","is_prod":false,"is_daily":false,"is_ascension_mode":true,"campfire_upgraded":10,"path_taken":["M","$","?","?","?","R","M","?","T","R","M","M","$","M","R","BOSS","M","M","$","?","M","R","M","M","T","M","?","M","R","M","R","BOSS","M","M","?","M","?","R","E","R","T","R","?","R","$","M","R","BOSS"],"build_version":"2018-02-22-PROD2","purchased_purges":2,"victory":true,"master_deck":["Strike_R+1","Strike_R+1","Strike_R+1","Defend_R+1","Defend_R+1","Defend_R+1","Defend_R+1","Bash","Thunderclap","Metallicize+1","Iron Wave+1","Cleave","Entrench+1","Flame Barrier+1","Metallicize+1","Clothesline+1","Impervious+1","Body Slam+1","Metallicize+1","Warcry+1","Body Slam+1","Evolve+1","Impervious","Shrug It Off+1","Shrug It Off"],"max_hp_per_floor":[80,80,80,80,80,80,80,80,80,80,80,80,80,80,80,80,80,80,80,80,80,80,80,80,80,80,80,80,80,80,80,80,80,80,80,80,80,80,80,80,80,80,80,80,80,80,80,80,80,80],"relics":["Burning Blood","Golden Idol","Blood Vial","Ectoplasm","Pen Nib","Ice Cream","Mark of Pain","Lantern","Charon\u0027s Ashes"],"card_choices":[{"not_picked":["Bloodletting","Blood for Blood"],"picked":"Thunderclap"},{"not_picked":["Exhume","Power Through"],"picked":"Iron Wave"},{"not_picked":["Feel No Pain","True Grit"],"picked":"Cleave"},{"not_picked":["Warcry","Iron Wave"],"picked":"Entrench"},{"not_picked":["Twin Strike","Inflame"],"picked":"Flame Barrier"},{"not_picked":["Fire Breathing","Cleave"],"picked":"Clothesline"},{"not_picked":["Feed","Fiend Fire"],"picked":"Impervious"},{"not_picked":["Inflame","Shrug It Off"],"picked":"Body Slam"},{"not_picked":["Clash","Thunderclap"],"picked":"Metallicize"},{"not_picked":["Sever Soul","Sword Boomerang"],"picked":"Warcry"},{"not_picked":["Entrench","Flex"],"picked":"Body Slam"},{"not_picked":["Headbutt","Heavy Blade"],"picked":"Evolve"},{"not_picked":["Brutality","Juggernaut"],"picked":"Impervious"},{"not_picked":["Disarm","Headbutt"],"picked":"Shrug It Off"},{"not_picked":["Heavy Blade","Pommel Strike"],"picked":"Shrug It Off"}],"player_experience":289860,"potions_floor_usage":[12,16,16,31,33,33,50,50],"damage_taken":[{"damage":1,"enemies":"Small Slimes","floor":1,"turns":5},{"damage":0,"enemies":"2 Louse","floor":4,"turns":2},{"damage":1,"enemies":"Cultist","floor":7,"turns":3},{"damage":16,"enemies":"Lots of Slimes","floor":11,"turns":2},{"damage":0,"enemies":"Large Slime","floor":12,"turns":5},{"damage":0,"enemies":"Looter","floor":14,"turns":3},{"damage":52,"enemies":"Slime Boss","floor":16,"turns":12},{"damage":19,"enemies":"2 Thieves","floor":18,"turns":4},{"damage":13,"enemies":"Shell Parasite","floor":19,"turns":8},{"damage":33,"enemies":"Snake Plant","floor":22,"turns":7},{"damage":3,"enemies":"Cultist and Chosen","floor":24,"turns":6},{"damage":0,"enemies":"Snecko","floor":25,"turns":4},{"damage":4,"enemies":"Snake Plant","floor":27,"turns":3},{"damage":0,"enemies":"Centurion and Healer","floor":29,"turns":5},{"damage":0,"enemies":"Chosen and Byrds","floor":31,"turns":6},{"damage":23,"enemies":"Automaton","floor":33,"turns":10},{"damage":0,"enemies":"3 Shapes","floor":35,"turns":6},{"damage":4,"enemies":"3 Darklings","floor":36,"turns":7},{"damage":0,"enemies":"Sphere and 2 Shapes","floor":38,"turns":3},{"damage":3,"enemies":"4 Shapes","floor":39,"turns":6},{"damage":4,"enemies":"Nemesis","floor":41,"turns":9},{"damage":0,"enemies":"Maw","floor":48,"turns":6},{"damage":31,"enemies":"Donu and Deca","floor":50,"turns":12}],"event_choices":[{"event_name":"World of Goop","player_choice":"Gather Gold","floor":3,"damage_taken":0},{"event_name":"Golden Idol","player_choice":"Take Wound","floor":5,"damage_taken":0},{"event_name":"Accursed Blacksmith","player_choice":"Forge","floor":8,"damage_taken":0},{"event_name":"Back to Basics","player_choice":"Simplicity","floor":21,"damage_taken":0},{"event_name":"Addict","player_choice":"Obtained Relic","floor":28,"damage_taken":0},{"event_name":"Purifier","player_choice":"One Purge","floor":37,"damage_taken":0}],"boss_relics":[{"not_picked":["Question Card","Pandora\u0027s Box"],"picked":"Ectoplasm"},{"not_picked":["Calling Bell","Philosopher\u0027s Stone"],"picked":"Mark of Pain"}],"potions_floor_spawned":[4,7,12,18,24,27,31,35,39],"seed_played":"991924652116033367","ascension_level":8,"is_trial":false}