{"path_per_floor":["M","?","?","M","?","E","R","E","T","R","$","?","M","M","R","B",null,"M","$","?","M","$","R","M","?","T","R","M","E","R","M","R"],"character_chosen":"IRONCLAD","items_purchased":["Omamori","Regen Potion"],"gold_per_floor":[217,217,217,231,231,264,264,295,295,295,23,23,37,50,50,173,173,191,91,91,115,115,115,129,129,129,129,145,184,184,198,198],"floor_reached":33,"campfire_rested":3,"playtime":1271,"current_hp_per_floor":[74,56,56,57,57,19,43,11,11,35,35,35,41,56,56,17,64,57,57,57,57,57,57,62,62,62,62,49,26,50,52,52],"items_purged":["Injury","Normality"],"gold":198,"score":410,"play_id":"bd4ffe77-fb39-4eb8-a97b-d50cca05378e","is_prod":false,"is_daily":false,"is_ascension_mode":true,"campfire_upgraded":4,"path_taken":["M","?","?","?","?","E","R","E","T","R","$","?","M","M","R","BOSS","M","$","?","M","$","R","M","?","T","R","M","E","R","M","R","BOSS"],"build_version":"2018-02-22-PROD2","purchased_purges":2,"victory":false,"master_deck":["Strike_R","Strike_R","Strike_R","Strike_R","Strike_R","Defend_R","Defend_R","Defend_R","Defend_R+1","Bash","Parasite","Iron Wave","Carnage","Cleave","Flame Barrier+1","Armaments+1","True Grit+1","Fiend Fire+1","Inflame+1","Pommel Strike+1","Fire Breathing+1","Flex"],"max_hp_per_floor":[80,80,80,80,80,80,80,80,80,80,80,80,80,80,80,80,80,80,80,80,80,80,80,80,80,80,80,80,80,80,80,80],"relics":["Burning Blood","Bag of Preparation","Bag of Marbles","Golden Idol","Shuriken","Gremlin Horn","Thread and Needle","Omamori","Calling Bell","Vajra","Self Forming Clay","Art of War","Blue Candle","War Paint","Lantern"],"card_choices":[{"not_picked":["Havoc","Spot Weakness"],"picked":"Iron Wave"},{"not_picked":["Body Slam","Anger"],"picked":"Carnage"},{"not_picked":["Clash","Armaments"],"picked":"Cleave"},{"not_picked":["Exhume","Bloodletting"],"picked":"Flame Barrier"},{"not_picked":["Ghostly Armor","Burning Pact"],"picked":"Armaments"},{"not_picked":["Power Through","Corruption"],"picked":"True Grit"},{"not_picked":["Brutality","Juggernaut"],"picked":"Fiend Fire"},{"not_picked":["Burning Pact","Pommel Strike"],"picked":"Inflame"},{"not_picked":["Havoc","True Grit"],"picked":"Pommel Strike"},{"not_picked":["Feel No Pain","Dark Embrace"],"picked":"Fire Breathing"},{"not_picked":["Whirlwind","Perfected Strike"],"picked":"Flex"}],"player_experience":272169,"potions_floor_usage":[8,14,16,21,29,33],"damage_taken":[{"damage":4,"enemies":"Jaw Worm","floor":1,"turns":4},{"damage":5,"enemies":"Small Slimes","floor":4,"turns":4},{"damage":44,"enemies":"3 Sentries","floor":6,"turns":10},{"damage":38,"enemies":"Gremlin Nob","floor":8,"turns":5},{"damage":0,"enemies":"2 Louse","floor":13,"turns":2},{"damage":6,"enemies":"Red Slaver","floor":14,"turns":7},{"damage":45,"enemies":"Slime Boss","floor":16,"turns":13},{"damage":13,"enemies":"Chosen","floor":18,"turns":6},{"damage":6,"enemies":"3 Byrds","floor":21,"turns":4},{"damage":1,"enemies":"Centurion and Healer","floor":24,"turns":6},{"damage":19,"enemies":"3 Cultists","floor":28,"turns":7},{"damage":29,"enemies":"Slavers","floor":29,"turns":9},{"damage":4,"enemies":"Slaver and Parasite","floor":31,"turns":7},{"damage":67,"enemies":"Collector","floor":33,"turns":5}],"event_choices":[{"event_name":"Scrap Ooze","player_choice":"success","floor":2,"damage_taken":18},{"event_name":"Big Fish","player_choice":"Box","floor":3,"damage_taken":0},{"event_name":"Golden Idol","player_choice":"Take Wound","floor":5,"damage_taken":0},{"event_name":"The Cleric","player_choice":"Leave","floor":12,"damage_taken":0},{"event_name":"The Mausoleum","player_choice":"Yes","floor":20,"damage_taken":0},{"event_name":"Back to Basics","player_choice":"Elegance","floor":25,"damage_taken":0}],"boss_relics":[{"not_picked":["Philosopher\u0027s Stone","Snecko Eye"],"picked":"Calling Bell"}],"potions_floor_spawned":[6,13,16,18,31],"seed_played":"-7780978421977793328","killed_by":"Collector","ascension_level":10,"is_trial":false}