{"path_per_floor":["M","?","M","?","$","E","R","E","T","M","M","M","R","M","R","B",null,"M","?","M","$","M","R","E","M","T","R","E","?","?","$","R","B",null,"M","$","M","?","?","R","M","E","T","R","M","$","E","M","R","B"],"character_chosen":"IRONCLAD","items_purchased":["Offering","Art of War","Panache","Letter Opener"],"gold_per_floor":[112,112,131,131,57,87,87,412,412,422,436,456,456,469,469,569,569,580,505,470,73,89,89,121,133,159,159,191,241,241,141,141,239,239,252,14,33,0,0,0,16,51,51,51,61,61,88,108,108,108],"floor_reached":51,"campfire_rested":2,"playtime":2150,"current_hp_per_floor":[78,71,77,77,77,80,80,73,73,75,77,67,67,69,69,22,66,68,68,54,54,49,49,27,29,29,53,50,50,34,34,73,54,74,79,79,80,80,80,80,80,77,87,87,90,90,90,90,90,72],"items_purged":["Strike_R","Strike_R"],"gold":108,"score":922,"play_id":"4524c8b9-c4f1-42f9-bde5-e32ba1068891","is_prod":false,"is_daily":false,"is_ascension_mode":true,"campfire_upgraded":7,"path_taken":["M","?","M","?","$","E","R","E","T","M","M","M","R","?","R","BOSS","M","?","?","?","M","R","E","M","T","R","E","?","?","$","R","BOSS","M","$","M","?","?","R","M","E","T","R","M","?","E","M","R","BOSS"],"build_version":"2018-02-22-PROD2","purchased_purges":2,"victory":true,"master_deck":["Defend_R+1","Defend_R","Defend_R+1","Defend_R","Bash","Armaments+1","Battle Trance+1","Offering+1","Flame Barrier+1","Flame Barrier","Cleave","Entrench+1","Warcry+1","Barricade+1","Disarm","Body Slam+1","Panache+1","Bloodletting+1","Body Slam","Shrug It Off+1","Entrench+1"],"max_hp_per_floor":[80,80,80,80,80,80,80,80,80,80,80,80,80,80,80,80,80,80,80,80,80,80,80,80,80,80,80,80,80,80,80,80,80,80,80,80,80,80,80,80,80,80,90,90,90,90,90,90,90,90],"relics":["Burning Blood","NeowsBlessing","War Paint","Old Coin","Champion Belt","Mark of Pain","Art of War","Whetstone","Bag of Preparation","Regal Pillow","Nilry\u0027s Codex","Runic Dome","Letter Opener","Red Mask","Dodecahedron","Pear","Lantern"],"card_choices":[{"not_picked":["Clothesline","Havoc"],"picked":"Armaments"},{"not_picked":["Perfected Strike","Warcry"],"picked":"Battle Trance"},{"not_picked":["Twin Strike","Body Slam"],"picked":"Flame Barrier"},{"not_picked":["Headbutt","Blood for Blood"],"picked":"Flame Barrier"},{"not_picked":["Rage","Wild Strike"],"picked":"Cleave"},{"not_picked":["Pummel","Sword Boomerang"],"picked":"Entrench"},{"not_picked":["Sword Boomerang","Hemokinesis"],"picked":"Warcry"},{"not_picked":["Bludgeon","Feed"],"picked":"Barricade"},{"not_picked":["Burning Pact","Rampage"],"picked":"Disarm"},{"not_picked":["Shockwave","Seeing Red"],"picked":"Body Slam"},{"not_picked":["Heavy Blade","Inflame"],"picked":"Bloodletting"},{"not_picked":["Flame Barrier","Twin Strike"],"picked":"Body Slam"},{"not_picked":["Clash","Battle Trance"],"picked":"Shrug It Off"},{"not_picked":["Wild Strike","Clash"],"picked":"Entrench"}],"player_experience":266664,"potions_floor_usage":[33,33,37,50,50,50],"damage_taken":[{"damage":0.0,"enemies":"2 Louse","floor":1.0,"turns":1.0},{"damage":0.0,"enemies":"Small Slimes","floor":3.0,"turns":1.0},{"damage":0.0,"enemies":"Gremlin Nob","floor":6.0,"turns":1.0},{"damage":13.0,"enemies":"Lagavulin","floor":8.0,"turns":8.0},{"damage":4.0,"enemies":"Jaw Worm","floor":10.0,"turns":4.0},{"damage":4.0,"enemies":"Blue Slaver","floor":11.0,"turns":3.0},{"damage":16.0,"enemies":"Gremlin Gang","floor":12.0,"turns":3.0},{"damage":4.0,"enemies":"Lots of Slimes","floor":14.0,"turns":1.0},{"damage":53.0,"enemies":"Hexaghost","floor":16.0,"turns":15.0},{"damage":4.0,"enemies":"Spheric Guardian","floor":18.0,"turns":8.0},{"damage":20.0,"enemies":"2 Thieves","floor":20.0,"turns":5.0},{"damage":11.0,"enemies":"Sentry and Sphere","floor":22.0,"turns":6.0},{"damage":28.0,"enemies":"Gremlin Leader","floor":24.0,"turns":4.0},{"damage":4.0,"enemies":"Snake Plant","floor":25.0,"turns":4.0},{"damage":9.0,"enemies":"Slavers","floor":28.0,"turns":5.0},{"damage":25,"enemies":"Champ","floor":33,"turns":11},{"damage":8,"enemies":"3 Shapes","floor":35,"turns":5},{"damage":4,"enemies":"Orb Walker","floor":37,"turns":3},{"damage":3,"enemies":"3 Darklings","floor":41,"turns":4},{"damage":9,"enemies":"Giant Head","floor":42,"turns":4},{"damage":3,"enemies":"4 Shapes","floor":45,"turns":2},{"damage":5,"enemies":"2 Orb Walkers","floor":47,"turns":3},{"damage":4,"enemies":"Maw","floor":48,"turns":4},{"damage":24,"enemies":"Donu and Deca","floor":50,"turns":7}],"event_choices":[{"event_name":"Golden Wing","player_choice":"Card Removal","floor":2.0,"damage_taken":0.0},{"event_name":"Upgrade Shrine","player_choice":"Upgraded","floor":4.0,"damage_taken":0.0},{"event_name":"Beggar","player_choice":"Gave Gold","floor":19.0,"damage_taken":0.0},{"event_name":"The Joust","player_choice":"Bet on Murderer","floor":29.0,"damage_taken":0.0},{"event_name":"Cursed Tome","player_choice":"Obtained Book","floor":30.0,"damage_taken":0.0},{"event_name":"Tomb of Lord Red Mask","player_choice":"Paid","floor":38,"damage_taken":0},{"event_name":"Bonfire Elementals","player_choice":"BASIC","floor":39,"damage_taken":0}],"boss_relics":[{"not_picked":["Question Card","Calling Bell"],"picked":"Runic Dome"}],"potions_floor_spawned":[6,8,11,20,28,33,35,37],"seed_played":"13814951277591999","ascension_level":8,"is_trial":false}