{"path_per_floor":["M","?","M","?","M","E","R","M","T","?","R","E","M","$","R"],"character_chosen":"IRONCLAD","items_purchased":[],"gold_per_floor":[116,116,130,130,150,184,184,199,279,354,354,388,405,330,330],"floor_reached":16,"campfire_rested":2,"playtime":525,"current_hp_per_floor":[76,76,74,74,80,36,36,30,30,19,43,59,20,20,43],"items_purged":["Parasite"],"gold":330,"score":165,"play_id":"4e6c3393-9329-4eef-bff4-7f03fe667e03","is_prod":false,"is_daily":false,"is_ascension_mode":true,"campfire_upgraded":1,"path_taken":["M","?","M","?","M","E","R","M","T","?","R","E","?","?","R","BOSS"],"build_version":"2018-02-22-PROD2","purchased_purges":1,"victory":false,"master_deck":["Strike_R","Strike_R","Strike_R","Strike_R","Strike_R","Defend_R","Defend_R","Defend_R","Defend_R","Bash","Pommel Strike","Dropkick","Perfected Strike+1","Disarm","Shrug It Off","Inflame","Dual Wield","Headbutt","Battle Trance"],"max_hp_per_floor":[80,80,80,80,80,80,80,80,80,80,80,80,80,77,77],"relics":["Burning Blood","Dream Catcher","Matryoshka","Shuriken"],"card_choices":[{"not_picked":["Twin Strike","Perfected Strike"],"picked":"Pommel Strike"},{"not_picked":["Wild Strike","Intimidate"],"picked":"Dropkick"},{"not_picked":["Evolve","Headbutt"],"picked":"Perfected Strike"},{"not_picked":["True Grit","Cleave"],"picked":"Disarm"},{"not_picked":["Carnage","True Grit"],"picked":"Shrug It Off"},{"not_picked":["Iron Wave","Twin Strike"],"picked":"Inflame"},{"not_picked":["Carnage","Ghostly Armor"],"picked":"Dual Wield"},{"not_picked":["Twin Strike","Body Slam"],"picked":"Headbutt"},{"not_picked":["Carnage","True Grit"],"picked":"Battle Trance"}],"player_experience":278589,"potions_floor_usage":[12,12,16,16],"damage_taken":[{"damage":2,"enemies":"Small Slimes","floor":1,"turns":4},{"damage":8,"enemies":"Jaw Worm","floor":3,"turns":4},{"damage":0,"enemies":"Cultist","floor":5,"turns":2},{"damage":50,"enemies":"Lagavulin","floor":6,"turns":7},{"damage":12,"enemies":"Large Slime","floor":8,"turns":7},{"damage":5,"enemies":"3 Sentries","floor":12,"turns":7},{"damage":45,"enemies":"Lots of Slimes","floor":13,"turns":5},{"damage":50,"enemies":"Slime Boss","floor":16,"turns":7}],"event_choices":[{"event_name":"Shining Light","player_choice":"Ignored","floor":2,"damage_taken":0},{"event_name":"The Woman in Blue","player_choice":"Bought 0 Potions","floor":4,"damage_taken":0},{"event_name":"World of Goop","player_choice":"Gather Gold","floor":10,"damage_taken":0}],"boss_relics":[],"potions_floor_spawned":[3,8,12,13],"seed_played":"-7615309073961265198","killed_by":"Slime Boss","ascension_level":10,"is_trial":false}