{"path_per_floor":["M","?","M","M","M","R","?","R","T","E","M","R","M","$","R","B",null,"M","$","M","?","M","?","R","M","T","E","R","E","R"],"character_chosen":"IRONCLAD","items_purchased":["Entrench","Finesse"],"gold_per_floor":[116,116,129,146,159,159,159,159,159,192,210,210,228,153,153,253,253,266,44,61,61,74,74,74,93,93,119,119,153,153],"floor_reached":31,"campfire_rested":1,"playtime":1381,"current_hp_per_floor":[77,77,71,66,55,55,48,48,48,24,30,30,11,11,35,5,85,85,85,79,79,67,67,67,59,59,38,38,25,25],"items_purged":["Strike_R","Strike_R"],"gold":153,"score":300,"play_id":"83ac67a0-fe15-4e8d-af78-247df15befd9","is_prod":false,"is_daily":false,"is_ascension_mode":false,"campfire_upgraded":6,"path_taken":["M","?","M","M","M","R","?","R","T","E","M","R","M","$","R","BOSS","M","$","?","?","M","?","R","M","T","E","R","E","R","E"],"build_version":"2018-02-22-PROD2","purchased_purges":2,"victory":false,"master_deck":["Strike_R","Defend_R","Defend_R","Bash","Searing Blow+9","Shockwave+1","Body Slam+1","Armaments","Barricade","Warcry","Armaments","Entrench","Finesse","Warcry+1","Headbutt"],"max_hp_per_floor":[80,80,80,80,80,80,80,80,80,80,80,80,80,80,80,80,85,85,85,85,85,85,85,85,85,85,85,85,85,85],"relics":["Astrolabe","Bag of Marbles","Tiny House","Vajra","Pen Nib","Magic Flower"],"card_choices":[{"not_picked":["Sword Boomerang","Dual Wield"],"picked":"Armaments"},{"not_picked":["Evolve","Headbutt"],"picked":"Barricade"},{"not_picked":["Pommel Strike","Body Slam"],"picked":"Warcry"},{"not_picked":["Heavy Blade","Whirlwind"],"picked":"Armaments"},{"not_picked":["Rage","Seeing Red"],"picked":"Warcry"},{"not_picked":["Havoc","Clash"],"picked":"Headbutt"}],"player_experience":447951,"potions_floor_usage":[11,13,16,31],"damage_taken":[{"damage":3,"enemies":"Jaw Worm","floor":1,"turns":3},{"damage":6,"enemies":"Cultist","floor":3,"turns":3},{"damage":5,"enemies":"Small Slimes","floor":4,"turns":2},{"damage":11,"enemies":"Blue Slaver","floor":5,"turns":3},{"damage":24,"enemies":"Gremlin Nob","floor":10,"turns":4},{"damage":3,"enemies":"3 Louse","floor":11,"turns":4},{"damage":19,"enemies":"Gremlin Gang","floor":13,"turns":4},{"damage":45,"enemies":"The Guardian","floor":16,"turns":7},{"damage":0,"enemies":"Chosen","floor":18,"turns":2},{"damage":6,"enemies":"3 Byrds","floor":20,"turns":6},{"damage":12,"enemies":"Centurion and Healer","floor":22,"turns":6},{"damage":8,"enemies":"Snake Plant","floor":25,"turns":2},{"damage":21,"enemies":"Slavers","floor":27,"turns":5},{"damage":13,"enemies":"Book of Stabbing","floor":29,"turns":3},{"damage":26,"enemies":"Gremlin Leader","floor":31,"turns":1}],"event_choices":[{"event_name":"Upgrade Shrine","player_choice":"Upgraded","floor":2,"damage_taken":0},{"event_name":"Golden Wing","player_choice":"Card Removal","floor":7,"damage_taken":0},{"event_name":"Drug Dealer","player_choice":"Ignored","floor":21,"damage_taken":0},{"event_name":"Addict","player_choice":"Ignored","floor":23,"damage_taken":0}],"boss_relics":[{"not_picked":["White Beast Statue","Cursed Key"],"picked":"Tiny House"}],"potions_floor_spawned":[4,10,13,20,22,29],"seed_played":"2763627274395819330","killed_by":"Gremlin Leader","ascension_level":0,"is_trial":false}