{"path_per_floor":["M","$","?","$","M","R","E","R","T","?","R","?","$","T","R","B",null,"M","?","M","M","$","R","E","?","T","M","M","R","M","?","R","B",null,"M","M","?","$"],"character_chosen":"IRONCLAD","items_purchased":["Battle Trance","Armaments","Metallicize"],"gold_per_floor":[117,45,10,10,24,24,56,56,56,56,56,56,10,37,37,132,132,152,67,85,100,25,25,50,50,50,61,77,77,93,93,93,190,190,207,225,225,45],"floor_reached":39,"campfire_rested":0,"playtime":1209,"current_hp_per_floor":[78,78,80,80,80,80,33,33,33,33,33,33,33,33,33,17,64,63,63,63,65,65,65,64,48,48,40,32,32,26,26,26,25,72,31,33,33,33],"items_purged":["Strike_R","Strike_R"],"gold":45,"score":431,"play_id":"08c10e04-73d3-48d5-a079-0490e8cacd50","is_prod":false,"is_daily":false,"is_ascension_mode":true,"campfire_upgraded":5,"path_taken":["M","$","?","$","M","R","E","R","T","?","R","?","?","?","R","BOSS","M","?","M","M","?","R","E","?","T","?","M","R","M","?","R","BOSS","M","?","?","?","M"],"build_version":"2018-02-22-PROD2","purchased_purges":2,"victory":false,"master_deck":["Strike_R","Strike_R","Defend_R","Defend_R","Defend_R","Defend_R","Parasite","Pommel Strike+1","Battle Trance+1","Iron Wave+1","Armaments+1","Offering","Iron Wave+1","Disarm+1","Dual Wield+1","Regret","Whirlwind+1","Sword Boomerang","Berserk","Flex","Metallicize"],"max_hp_per_floor":[80,80,80,80,80,80,80,80,80,80,80,80,80,80,80,80,80,80,80,80,80,80,80,80,80,80,84,84,84,84,84,84,87,87,87,87,87,87],"relics":["Burning Blood","Sundial","Art of War","Gremlin Horn","Ancient Tea Set","Cursed Key","Ornamental Fan","Girya","Nilry\u0027s Codex","Bottled Flame","Eternal Feather"],"card_choices":[{"not_picked":["Flex","True Grit"],"picked":"Pommel Strike"},{"not_picked":["Havoc","Pummel"],"picked":"Iron Wave"},{"not_picked":["Bludgeon","Demon Form"],"picked":"Offering"},{"not_picked":["Headbutt","Intimidate"],"picked":"Iron Wave"},{"not_picked":["Shockwave","Heavy Blade"],"picked":"Disarm"},{"not_picked":["Intimidate","Flame Barrier"],"picked":"Dual Wield"},{"not_picked":["Anger","Sword Boomerang"],"picked":"Whirlwind"},{"not_picked":["Juggernaut","Impervious"],"picked":"Berserk"},{"not_picked":["Twin Strike","Wild Strike"],"picked":"Flex"}],"player_experience":252602,"potions_floor_usage":[16,16,27,27,27,30],"damage_taken":[{"damage":8,"enemies":"2 Louse","floor":1,"turns":3},{"damage":0,"enemies":"Small Slimes","floor":5,"turns":3},{"damage":53,"enemies":"Gremlin Nob","floor":7,"turns":5},{"damage":22,"enemies":"Hexaghost","floor":16,"turns":9},{"damage":7,"enemies":"3 Byrds","floor":18,"turns":6},{"damage":6,"enemies":"2 Thieves","floor":20,"turns":4},{"damage":4,"enemies":"Cultist and Chosen","floor":21,"turns":5},{"damage":7,"enemies":"Book of Stabbing","floor":24,"turns":5},{"damage":33,"enemies":"Chosen and Byrds","floor":27,"turns":8},{"damage":14,"enemies":"Centurion and Healer","floor":28,"turns":7},{"damage":12,"enemies":"Sentry and Sphere","floor":30,"turns":3},{"damage":10,"enemies":"Collector","floor":33,"turns":6},{"damage":47,"enemies":"3 Darklings","floor":35,"turns":3},{"damage":4,"enemies":"Orb Walker","floor":36,"turns":2},{"damage":33,"enemies":"Sphere and 2 Shapes","floor":39,"turns":3}],"event_choices":[{"event_name":"The Cleric","player_choice":"Healed","floor":3,"damage_taken":0},{"event_name":"The Lab","player_choice":"Got Potions","floor":10,"damage_taken":0},{"event_name":"Shining Light","player_choice":"Ignored","floor":12,"damage_taken":0},{"event_name":"Addict","player_choice":"Obtained Relic","floor":19,"damage_taken":0},{"event_name":"Cursed Tome","player_choice":"Obtained Book","floor":25,"damage_taken":0},{"event_name":"Transmorgrifier","player_choice":"Transform","floor":31,"damage_taken":0}],"boss_relics":[{"not_picked":["Ectoplasm","Velvet Choker"],"picked":"Cursed Key"},{"not_picked":["Orrery","Philosopher\u0027s Stone"],"picked":"Eternal Feather"}],"potions_floor_spawned":[7,16,24,27,28,30,36],"seed_played":"-6499814660550287854","killed_by":"Sphere and 2 Shapes","ascension_level":5,"is_trial":false}