{"path_per_floor":["M","M","?","?","?","?","M","M","T","R","T","R","E","M","R","B",null,"M","M","?","$","M","R","?","R","T","R","M","M","M","M","R","B",null,"M","?","$","?","M","E","?","M","T","M","M","?","E","M","R","B"],"character_chosen":"IRONCLAD","items_purchased":["Frozen Egg 2","Evolve","Whetstone","Champion Belt"],"gold_per_floor":[111,131,131,131,131,131,147,167,217,217,217,217,253,266,266,385,385,401,414,414,65,85,85,0,0,0,0,23,41,59,80,80,205,205,220,553,20,0,13,47,47,61,61,78,96,151,180,199,199,199],"floor_reached":51,"campfire_rested":3,"playtime":2428,"current_hp_per_floor":[80,80,80,80,80,64,59,57,57,57,67,67,65,61,88,19,90,89,76,60,60,39,66,66,66,66,66,78,58,79,81,81,43,90,90,90,90,90,67,35,35,33,33,67,80,78,73,56,83,51],"items_purged":["Limit Break","Strike_R"],"gold":199,"score":662,"play_id":"8465b4aa-6c14-4204-bfef-8832f7a1d2a6","is_prod":false,"is_daily":false,"is_ascension_mode":false,"campfire_upgraded":5,"path_taken":["M","M","?","?","?","?","M","M","T","R","?","R","E","M","R","BOSS","M","M","?","$","M","R","?","R","T","R","M","M","?","?","R","BOSS","M","?","$","?","M","E","?","M","T","?","?","?","E","M","R","BOSS"],"build_version":"2018-02-22-PROD2","purchased_purges":2,"victory":true,"master_deck":["Strike_R","Strike_R+1","Defend_R","Defend_R+1","Defend_R+1","Defend_R+1","Bash","Pommel Strike","Flex+1","Pommel Strike+1","Injury","Anger","Rampage+1","Twin Strike","Reaper+1","Pommel Strike+1","Inflame+1","Metallicize","Cleave+1","Necronomicurse","Evolve+1","Uppercut+1","Inflame+1","Limit Break+1","Spot Weakness+1","Battle Trance+1","Headbutt+1","Inflame+1","Pommel Strike+1","Flex+1","Metallicize+1","Power Through+1","Armaments+1","Heavy Blade+1"],"max_hp_per_floor":[80,80,80,80,80,80,80,80,80,80,90,90,90,90,90,90,90,90,90,90,90,90,90,90,90,90,90,90,90,90,90,90,90,90,90,90,90,90,90,90,90,90,90,90,90,90,90,90,90,90],"relics":["Burning Blood","Dream Catcher","Pear","Mercury Hourglass","Orrery","Necronomicon","Frozen Egg 2","War Paint","Vajra","Mark of Pain","Whetstone","Champion Belt","Red Mask","Peace Pipe","Ginger","Du-Vu Doll","Toxic Egg 2"],"card_choices":[{"not_picked":["Sword Boomerang","Havoc"],"picked":"Pommel Strike"},{"not_picked":["Wild Strike","Double Tap"],"picked":"Flex"},{"not_picked":["Flex","Sword Boomerang"],"picked":"Pommel Strike"},{"not_picked":["Shrug It Off","Blood for Blood"],"picked":"Rampage"},{"not_picked":["True Grit","Heavy Blade"],"picked":"Twin Strike"},{"not_picked":["Inflame","Entrench"],"picked":"Limit Break"},{"not_picked":["Dark Embrace","Barricade"],"picked":"Reaper"},{"not_picked":["Iron Wave","Uppercut"],"picked":"Pommel Strike"},{"not_picked":["Armaments","Dual Wield"],"picked":"Inflame"},{"not_picked":["Anger","Havoc"],"picked":"Metallicize"},{"not_picked":["Fiend Fire","Iron Wave"],"picked":"Cleave"},{"not_picked":["Power Through","Combust"],"picked":"Uppercut"},{"not_picked":["Clash","Searing Blow"],"picked":"Inflame"},{"not_picked":["Barricade","Immolate"],"picked":"Limit Break"},{"not_picked":["Thunderclap","Clothesline"],"picked":"Spot Weakness"},{"not_picked":["Anger","Second Wind"],"picked":"Battle Trance"},{"not_picked":["Armaments","Feel No Pain"],"picked":"Headbutt"},{"not_picked":["Havoc","Carnage"],"picked":"Inflame"},{"not_picked":["Havoc","Impervious"],"picked":"Pommel Strike"},{"not_picked":["Wild Strike","Clothesline"],"picked":"Flex"},{"not_picked":["Entrench","Havoc"],"picked":"Metallicize"},{"not_picked":["Corruption","Body Slam"],"picked":"Power Through"},{"not_picked":["Cleave","Perfected Strike"],"picked":"Armaments"},{"not_picked":["Sword Boomerang","Thunderclap"],"picked":"Heavy Blade"}],"player_experience":96233,"potions_floor_usage":[40,42,46,50],"damage_taken":[{"damage":0.0,"enemies":"2 Louse","floor":1.0,"turns":3.0},{"damage":1.0,"enemies":"Cultist","floor":2.0,"turns":3.0},{"damage":11.0,"enemies":"Jaw Worm","floor":7.0,"turns":3.0},{"damage":8.0,"enemies":"Exordium Wildlife","floor":8.0,"turns":5.0},{"damage":8.0,"enemies":"Gremlin Nob","floor":13.0,"turns":3.0},{"damage":10.0,"enemies":"Looter","floor":14.0,"turns":2.0},{"damage":75.0,"enemies":"Hexaghost","floor":16.0,"turns":10.0},{"damage":7.0,"enemies":"3 Byrds","floor":18.0,"turns":3.0},{"damage":19.0,"enemies":"Spheric Guardian","floor":19.0,"turns":4.0},{"damage":27.0,"enemies":"Snake Plant","floor":22.0,"turns":5.0},{"damage":22.0,"enemies":"3 Cultists","floor":28.0,"turns":4.0},{"damage":48.0,"enemies":"Slaver and Parasite","floor":29.0,"turns":5.0},{"damage":17.0,"enemies":"Centurion and Healer","floor":30.0,"turns":5.0},{"damage":4.0,"enemies":"Cultist and Chosen","floor":31.0,"turns":3.0},{"damage":44.0,"enemies":"Champ","floor":33.0,"turns":7.0},{"damage":25,"enemies":"3 Darklings","floor":35,"turns":4},{"damage":32,"enemies":"3 Shapes","floor":39,"turns":3},{"damage":38,"enemies":"Giant Head","floor":40,"turns":7},{"damage":32,"enemies":"Sphere and 2 Shapes","floor":42,"turns":4},{"damage":26,"enemies":"4 Shapes","floor":44,"turns":4},{"damage":16,"enemies":"3 Darklings","floor":45,"turns":3},{"damage":8,"enemies":"Mysterious Sphere","floor":46,"turns":3},{"damage":13,"enemies":"Nemesis","floor":47,"turns":5},{"damage":23,"enemies":"Maw","floor":48,"turns":5},{"damage":38,"enemies":"Time Eater","floor":50,"turns":5}],"event_choices":[{"event_name":"Purifier","player_choice":"One Purge","floor":3.0,"damage_taken":0.0},{"event_name":"Golden Idol","player_choice":"Take Wound","floor":4.0,"damage_taken":0.0},{"event_name":"Living Wall","player_choice":"Change","floor":5.0,"damage_taken":0.0},{"event_name":"Shining Light","player_choice":"Entered Light","floor":6.0,"damage_taken":0.0},{"event_name":"Cursed Tome","player_choice":"Obtained Book","floor":20.0,"damage_taken":0.0},{"event_name":"Addict","player_choice":"Obtained Relic","floor":24.0,"damage_taken":0.0},{"event_name":"The Moai Head","player_choice":"Gave Idol","floor":36,"damage_taken":0},{"event_name":"Tomb of Lord Red Mask","player_choice":"Paid","floor":38,"damage_taken":0},{"event_name":"Upgrade Shrine","player_choice":"Upgraded","floor":41,"damage_taken":0},{"event_name":"Mysterious Sphere","player_choice":"Fight","floor":46,"damage_taken":0}],"boss_relics":[{"not_picked":["Velvet Choker","Black Blood"],"picked":"Mark of Pain"}],"potions_floor_spawned":[2,8,13,16,28,29,30,31,39,40,42,48],"seed_played":"6808671259371909807","ascension_level":0,"is_trial":false}