{"path_per_floor":["M","M","$","M","?","E","R","?","T","E","R","M","R","M","R","B",null,"M","?","T","?","$","R","M","?","T","M","$","M","M","$","R","B",null,"M","M","M","M","?","R","M","M","T","?","R","$","?","M","R","B"],"character_chosen":"IRONCLAD","items_purchased":["Power Through"],"gold_per_floor":[109,122,47,63,63,98,98,98,98,133,133,144,144,159,159,259,259,277,192,192,192,21,21,34,34,86,105,105,123,138,13,13,113,113,130,149,164,179,179,179,191,208,208,208,208,58,0,14,14,14],"floor_reached":51,"campfire_rested":4,"playtime":1198,"current_hp_per_floor":[74,74,74,72,56,42,42,47,47,47,47,32,32,21,46,13,85,68,68,68,68,68,68,58,42,42,44,44,29,18,18,45,18,90,77,69,69,46,46,73,62,31,38,38,67,67,67,66,66,68],"items_purged":["Strike_R","Bash","True Grit","Injury"],"gold":14,"score":634,"play_id":"cfa67963-0a49-4b5e-8d38-adf5f9fa5fb9","is_prod":false,"is_daily":false,"is_ascension_mode":false,"campfire_upgraded":5,"path_taken":["M","M","$","M","?","E","R","?","T","E","R","M","R","M","R","BOSS","M","?","?","?","$","R","M","?","T","M","?","?","M","$","R","BOSS","M","M","M","?","?","R","?","M","T","?","R","$","?","M","R","BOSS"],"build_version":"2018-02-22-PROD2","purchased_purges":4,"victory":true,"master_deck":["Spot Weakness+1","Limit Break+1","Cleave+1","Headbutt","Burning Pact+1","Flex","Thunderclap+1","Twin Strike","Evolve+1","Power Through","Flex+1","Heavy Blade+1"],"max_hp_per_floor":[80,80,80,80,80,80,80,85,85,85,85,85,85,85,85,85,85,85,85,85,85,85,85,85,90,90,90,90,90,90,90,90,90,90,90,90,90,90,90,90,90,90,97,97,97,97,97,97,97,97],"relics":["Sozu","Whetstone","Bird Faced Urn","War Paint","Pandora\u0027s Box","Toolbox","Ginger","Art of War","Cursed Key","Strawberry","Red Mask"],"card_choices":[{"not_picked":["Seeing Red","Anger"],"picked":"Spot Weakness"},{"not_picked":["Anger","Sword Boomerang"],"picked":"Limit Break"},{"not_picked":["Flex","Intimidate"],"picked":"Cleave"},{"not_picked":["Ghostly Armor","Rage"],"picked":"Evolve"},{"not_picked":["Reckless Charge","Body Slam"],"picked":"Flex"},{"not_picked":["Corruption","Wild Strike"],"picked":"Heavy Blade"}],"player_experience":414776,"potions_floor_usage":[],"damage_taken":[{"damage":6,"enemies":"Jaw Worm","floor":1,"turns":3},{"damage":0,"enemies":"2 Louse","floor":2,"turns":2},{"damage":2,"enemies":"Small Slimes","floor":4,"turns":3},{"damage":14,"enemies":"3 Sentries","floor":6,"turns":6},{"damage":0,"enemies":"Gremlin Nob","floor":10,"turns":3},{"damage":15,"enemies":"Exordium Thugs","floor":12,"turns":3},{"damage":11,"enemies":"3 Louse","floor":14,"turns":3},{"damage":33,"enemies":"The Guardian","floor":16,"turns":9},{"damage":17,"enemies":"Shell Parasite","floor":18,"turns":3},{"damage":12,"enemies":"Chosen","floor":24,"turns":5},{"damage":0,"enemies":"Centurion and Healer","floor":27,"turns":3},{"damage":15,"enemies":"Snake Plant","floor":29,"turns":3},{"damage":17,"enemies":"Slaver and Parasite","floor":30,"turns":3},{"damage":29,"enemies":"Collector","floor":33,"turns":5},{"damage":13,"enemies":"3 Darklings","floor":35,"turns":4},{"damage":10,"enemies":"Orb Walker","floor":36,"turns":2},{"damage":2,"enemies":"Sphere and 2 Shapes","floor":37,"turns":2},{"damage":25,"enemies":"Maw","floor":38,"turns":4},{"damage":15,"enemies":"4 Shapes","floor":41,"turns":2},{"damage":33,"enemies":"3 Darklings","floor":42,"turns":3},{"damage":5,"enemies":"Maw","floor":48,"turns":4},{"damage":0,"enemies":"Time Eater","floor":50,"turns":3}],"event_choices":[{"event_name":"Shining Light","player_choice":"Entered Light","floor":5,"damage_taken":0},{"event_name":"Big Fish","player_choice":"Donut","floor":8,"damage_taken":0},{"event_name":"Addict","player_choice":"Obtained Relic","floor":19,"damage_taken":0},{"event_name":"Back to Basics","player_choice":"Elegance","floor":21,"damage_taken":0},{"event_name":"Forgotten Altar","player_choice":"Shed Blood","floor":25,"damage_taken":0},{"event_name":"The Moai Head","player_choice":"Ignored","floor":44,"damage_taken":0},{"event_name":"Tomb of Lord Red Mask","player_choice":"Paid","floor":47,"damage_taken":0}],"boss_relics":[{"not_picked":["Tiny House","Eternal Feather"],"picked":"Pandora\u0027s Box"},{"not_picked":["Runic Dome","Snecko Eye"],"picked":"Cursed Key"}],"potions_floor_spawned":[4,10,14,16,18,24,29,33,36,38,42,48],"seed_played":"4718458432882274768","ascension_level":0,"is_trial":false}