{"path_per_floor":["M","M","?","?","M","R","E","R","T","R","?","M","E","M","R","B",null,"M","?","M","?","M","E","M","M","T","R","M","M","$","M","R","B",null,"M","M","$","?","M","R","E","M","T","M","R","?","M","E","R","B"],"character_chosen":"IRONCLAD","items_purchased":["Limit Break","Flash of Steel","Dream Catcher"],"gold_per_floor":[20,34,34,34,50,50,84,84,159,159,159,177,204,220,220,323,323,338,253,269,269,284,312,332,346,426,426,440,452,131,150,150,251,251,265,275,18,18,37,37,100,117,117,132,132,132,152,181,181,181],"floor_reached":51,"campfire_rested":6,"playtime":2532,"current_hp_per_floor":[80,80,85,68,71,71,58,58,58,83,83,85,75,81,81,77,85,81,81,67,67,73,47,26,38,38,65,53,56,56,54,83,69,101,96,87,87,74,61,95,87,86,100,92,127,127,109,116,133,96],"items_purged":["Strike_R","Strike_R"],"gold":181,"score":668,"play_id":"f14d0c6f-fefe-499b-baa9-19211e037eda","is_prod":false,"is_daily":false,"is_ascension_mode":false,"campfire_upgraded":3,"path_taken":["M","M","?","?","M","R","E","R","T","R","?","M","E","?","R","BOSS","M","?","?","?","M","E","M","M","T","R","M","?","$","M","R","BOSS","M","M","$","?","M","R","E","M","T","M","R","?","M","E","R","BOSS"],"build_version":"2018-02-22-PROD2","purchased_purges":2,"victory":true,"master_deck":["Defend_R+1","Defend_R+1","Defend_R+1","Bash+1","Rampage+1","Battle Trance+1","Rampage+1","Fiend Fire","Warcry+1","Spot Weakness+1","Spot Weakness+1","Limit Break+1","Flash of Steel","Madness+1","Madness+1","Inflame+1","Whirlwind"],"max_hp_per_floor":[80,80,85,85,85,85,85,85,85,85,85,85,85,85,85,85,85,85,85,85,85,87,89,91,93,93,93,95,97,97,99,99,101,101,103,105,105,105,107,109,111,113,127,127,127,127,129,131,133,133],"relics":["Black Blood","Sundial","Toxic Egg 2","Toolbox","Sozu","Singing Bowl","War Paint","Frozen Egg 2","Dream Catcher","Tiny Chest","Mango","Gambling Chip"],"card_choices":[{"not_picked":["Armaments","Anger"],"picked":"Rampage"},{"not_picked":["Hemokinesis","Warcry"],"picked":"Twin Strike"},{"not_picked":["Juggernaut","Havoc"],"picked":"Battle Trance"},{"not_picked":["Battle Trance","Body Slam"],"picked":"Rampage"},{"not_picked":["Wild Strike","Sword Boomerang"],"picked":"Warcry"},{"not_picked":["Metallicize","Inflame"],"picked":"Spot Weakness"},{"not_picked":["Flame Barrier","True Grit"],"picked":"Spot Weakness"},{"not_picked":["Twin Strike","Headbutt"],"picked":"Inflame"},{"not_picked":["Flex","Disarm"],"picked":"Whirlwind"}],"player_experience":98661,"potions_floor_usage":[7,16,23],"damage_taken":[{"damage":5,"enemies":"Small Slimes","floor":1,"turns":3},{"damage":0,"enemies":"2 Louse","floor":2,"turns":3},{"damage":3,"enemies":"Jaw Worm","floor":5,"turns":4},{"damage":19,"enemies":"3 Sentries","floor":7,"turns":7},{"damage":0,"enemies":"Large Slime","floor":12,"turns":4},{"damage":16,"enemies":"Gremlin Nob","floor":13,"turns":3},{"damage":0,"enemies":"2 Fungi Beasts","floor":14,"turns":2},{"damage":10,"enemies":"Hexaghost","floor":16,"turns":7},{"damage":10,"enemies":"Chosen","floor":18,"turns":3},{"damage":20,"enemies":"2 Thieves","floor":20,"turns":3},{"damage":2,"enemies":"Centurion and Healer","floor":22,"turns":4},{"damage":34,"enemies":"Slavers","floor":23,"turns":4},{"damage":29,"enemies":"Chosen and Byrds","floor":24,"turns":4},{"damage":0,"enemies":"Snake Plant","floor":25,"turns":2},{"damage":20,"enemies":"Cultist and Chosen","floor":28,"turns":4},{"damage":5,"enemies":"3 Cultists","floor":29,"turns":4},{"damage":10,"enemies":"Chosen and Byrds","floor":31,"turns":3},{"damage":26,"enemies":"Automaton","floor":33,"turns":5},{"damage":17,"enemies":"Orb Walker","floor":35,"turns":3},{"damage":21,"enemies":"3 Shapes","floor":36,"turns":4},{"damage":25,"enemies":"Sphere and 2 Shapes","floor":39,"turns":4},{"damage":20,"enemies":"Nemesis","floor":41,"turns":5},{"damage":13,"enemies":"3 Darklings","floor":42,"turns":3},{"damage":18,"enemies":"4 Shapes","floor":44,"turns":6},{"damage":30,"enemies":"Sphere and 2 Shapes","floor":47,"turns":3},{"damage":5,"enemies":"Giant Head","floor":48,"turns":5},{"damage":47,"enemies":"Time Eater","floor":50,"turns":5}],"event_choices":[{"event_name":"Big Fish","player_choice":"Donut","floor":3,"damage_taken":0},{"event_name":"Shining Light","player_choice":"Entered Light","floor":4,"damage_taken":0},{"event_name":"Living Wall","player_choice":"Change","floor":11,"damage_taken":0},{"event_name":"Addict","player_choice":"Obtained Relic","floor":19,"damage_taken":0},{"event_name":"Bonfire Elementals","player_choice":"BASIC","floor":21,"damage_taken":0},{"event_name":"Winding Halls","player_choice":"Embrace Madness","floor":38,"damage_taken":0},{"event_name":"Purifier","player_choice":"One Purge","floor":46,"damage_taken":0}],"boss_relics":[{"not_picked":["Velvet Choker","Mark of Pain"],"picked":"Sozu"},{"not_picked":["Runic Cube","Lizard Tail"],"picked":"Black Blood"}],"potions_floor_spawned":[2,5,13,18,23,25,28,35,39,44,47],"seed_played":"1321614984798603169","ascension_level":0,"is_trial":false}