{"path_per_floor":["M","?","?","M","?","R","?","R","T","E","R","M","R","$","R","B",null,"M","M","?","M","M","R","?","R","T","?","M","M","?"],"character_chosen":"IRONCLAD","items_purchased":[],"gold_per_floor":[109,109,109,124,124,124,124,124,149,177,177,197,197,122,122,218,218,232,245,245,258,270,270,370,370,397,397,416,426,341],"floor_reached":31,"campfire_rested":1,"playtime":963,"current_hp_per_floor":[77,82,82,78,78,78,78,78,78,62,62,68,68,68,68,40,72,61,54,54,60,22,46,46,46,46,46,22,16,16],"items_purged":["Strike_R"],"gold":341,"score":350,"play_id":"e87ad655-ed19-4d1d-b386-7aa3b329cd28","local_time":"20180311010926","is_prod":false,"is_daily":false,"is_ascension_mode":true,"campfire_upgraded":6,"timestamp":1520755766,"path_taken":["M","?","?","M","?","R","?","R","T","E","R","M","R","$","R","BOSS","M","M","?","M","M","R","?","R","T","?","?","?","?","E"],"build_version":"2018-03-09","purchased_purges":1,"victory":false,"master_deck":["Strike_R","Strike_R","Strike_R","Strike_R","Defend_R","Defend_R","Defend_R","Bash+1","Body Slam+1","Pommel Strike+1","Burning Pact","Demon Form+1","Disarm+1","Exhume+1","Armaments+1","Thunderclap+1","Seeing Red","Entrench+1","Armaments"],"max_hp_per_floor":[77,82,82,82,82,82,82,82,82,82,82,82,82,82,82,82,82,82,82,82,82,82,82,82,82,82,82,82,82,82],"relics":["Burning Blood","Lantern","Bag of Preparation","Black Star","Vajra","Frozen Eye","The Courier"],"card_choices":[{"not_picked":["Uppercut","Hemokinesis"],"picked":"Body Slam"},{"not_picked":["Carnage","Body Slam"],"picked":"Pommel Strike"},{"not_picked":["Flex","Armaments"],"picked":"Demon Form"},{"not_picked":["Sever Soul","Feel No Pain"],"picked":"Disarm"},{"not_picked":["Impervious","Fiend Fire"],"picked":"Exhume"},{"not_picked":["Combust","Inflame"],"picked":"Armaments"},{"not_picked":["Corruption","Carnage"],"picked":"Thunderclap"},{"not_picked":["Sever Soul","Rampage"],"picked":"Seeing Red"},{"not_picked":["Anger","Clash"],"picked":"Entrench"},{"not_picked":["Cleave","Feed"],"picked":"Armaments"}],"player_experience":523647,"potions_floor_usage":[10,10,18,22,31],"damage_taken":[{"damage":1,"enemies":"Cultist","floor":1,"turns":4},{"damage":10,"enemies":"2 Louse","floor":4,"turns":3},{"damage":22,"enemies":"3 Sentries","floor":10,"turns":6},{"damage":0,"enemies":"Small Slimes","floor":12,"turns":3},{"damage":34,"enemies":"The Guardian","floor":16,"turns":9},{"damage":17,"enemies":"2 Thieves","floor":18,"turns":4},{"damage":13,"enemies":"3 Byrds","floor":19,"turns":9},{"damage":0,"enemies":"Snecko","floor":21,"turns":5},{"damage":44,"enemies":"Cultist and Chosen","floor":22,"turns":8},{"damage":30,"enemies":"Snake Plant","floor":28,"turns":4},{"damage":12,"enemies":"3 Cultists","floor":29,"turns":4},{"damage":32,"enemies":"Gremlin Leader","floor":31,"turns":3}],"event_choices":[{"event_name":"Big Fish","player_choice":"Donut","floor":2,"damage_taken":0},{"event_name":"The Lab","player_choice":"Got Potions","floor":3,"damage_taken":0},{"event_name":"The Woman in Blue","player_choice":"Bought 0 Potions","floor":5,"damage_taken":0},{"event_name":"Transmorgrifier","player_choice":"Transform","floor":7,"damage_taken":0},{"event_name":"Drug Dealer","player_choice":"Ignored","floor":20,"damage_taken":0},{"event_name":"Golden Shrine","player_choice":"Pray","floor":24,"damage_taken":0},{"event_name":"The Mausoleum","player_choice":"Yes","floor":27,"damage_taken":0},{"event_name":"Addict","player_choice":"Obtained Relic","floor":30,"damage_taken":0}],"boss_relics":[{"not_picked":["Question Card","Runic Pyramid"],"picked":"Black Star"}],"potions_floor_spawned":[4,21,28],"seed_played":"1137810728261103033","killed_by":"Gremlin Leader","ascension_level":10,"is_trial":false}