{"path_per_floor":["M","?","$","?","?","$","M","R","T","E","R","M","R","M","R","B",null,"M","$","M","M","M","R","M","R","T","M","$","M","R","$","R","B",null,"M","M","?","?","M","R","E","$","T","R","$","?","R","M","R","B"],"character_chosen":"IRONCLAD","items_purchased":["True Grit","Vajra","Shrug It Off","Orichalcum"],"gold_per_floor":[115,115,40,40,40,14,27,27,27,61,61,79,79,92,92,191,191,205,60,73,89,106,106,116,116,116,129,6,25,25,25,25,123,123,135,152,252,252,264,264,299,174,200,200,43,43,43,63,63,63],"floor_reached":51,"campfire_rested":1,"playtime":1277,"current_hp_per_floor":[72,58,58,63,63,63,57,57,57,59,59,65,65,61,61,42,71,73,73,67,47,44,44,44,44,44,49,49,61,61,61,61,44,72,75,66,66,66,81,81,69,69,69,69,69,59,59,51,75,33],"items_purged":["Parasite","Defend_R","Defend_R"],"gold":63,"score":1090,"play_id":"905e07e0-39d7-4d8a-97ad-4f7157a5f35a","local_time":"20180311232505","is_prod":false,"is_daily":false,"is_ascension_mode":true,"campfire_upgraded":11,"timestamp":1520832305,"path_taken":["M","?","$","?","?","$","M","R","T","E","R","?","R","M","R","BOSS","M","?","M","M","M","R","M","R","T","M","?","M","R","?","R","BOSS","M","M","?","?","M","R","E","$","T","R","$","?","R","M","R","BOSS"],"build_version":"2018-03-09","purchased_purges":4,"victory":true,"master_deck":["Defend_R+1","Bash","Shrug It Off","Searing Blow+12","Thunderclap","True Grit","Cleave","Seeing Red","Whirlwind","Sever Soul+1","Reaper+1","Battle Trance+1","Headbutt","Clash+1","Evolve","Shrug It Off","Battle Trance","Madness","Madness"],"max_hp_per_floor":[72,72,69,74,74,74,74,74,74,81,81,81,81,81,81,81,81,81,81,81,81,81,81,81,81,81,81,81,81,81,81,81,81,81,81,81,81,81,81,81,81,81,81,81,81,81,81,81,81,81],"relics":["Burning Blood","Mercury Hourglass","Strawberry","Astrolabe","Vajra","Girya","Snecko Eye","Champion Belt","Oddly Smooth Stone","Orichalcum"],"card_choices":[{"not_picked":["Clothesline","Iron Wave"],"picked":"Thunderclap"},{"not_picked":["Fire Breathing","Impervious"],"picked":"Cleave"},{"not_picked":["Second Wind","Armaments"],"picked":"Seeing Red"},{"not_picked":["Carnage","Shrug It Off"],"picked":"Whirlwind"},{"not_picked":["Body Slam","Warcry"],"picked":"Headbutt"},{"not_picked":["Rupture","Rage"],"picked":"Clash"},{"not_picked":["Cleave","Intimidate"],"picked":"Evolve"},{"not_picked":["Perfected Strike","True Grit"],"picked":"Battle Trance"}],"player_experience":535094,"potions_floor_usage":[33,33,33],"damage_taken":[{"damage":6.0,"enemies":"Cultist","floor":1.0,"turns":3.0},{"damage":12.0,"enemies":"Jaw Worm","floor":7.0,"turns":3.0},{"damage":11.0,"enemies":"3 Sentries","floor":10.0,"turns":4.0},{"damage":0.0,"enemies":"Small Slimes","floor":12.0,"turns":3.0},{"damage":10.0,"enemies":"Exordium Wildlife","floor":14.0,"turns":3.0},{"damage":25.0,"enemies":"Slime Boss","floor":16.0,"turns":8.0},{"damage":11.0,"enemies":"2 Thieves","floor":18.0,"turns":4.0},{"damage":12.0,"enemies":"Chosen","floor":20.0,"turns":3.0},{"damage":26.0,"enemies":"Centurion and Healer","floor":21.0,"turns":4.0},{"damage":18.0,"enemies":"Snecko","floor":22.0,"turns":3.0},{"damage":6.0,"enemies":"3 Cultists","floor":24.0,"turns":3.0},{"damage":1.0,"enemies":"Centurion and Healer","floor":27.0,"turns":3.0},{"damage":0.0,"enemies":"Snecko","floor":29.0,"turns":2.0},{"damage":41,"enemies":"Automaton","floor":33,"turns":6},{"damage":3,"enemies":"Orb Walker","floor":35,"turns":2},{"damage":21,"enemies":"3 Darklings","floor":36,"turns":3},{"damage":0,"enemies":"Sphere and 2 Shapes","floor":39,"turns":3},{"damage":18,"enemies":"2 Orb Walkers","floor":41,"turns":3},{"damage":18,"enemies":"Maw","floor":48,"turns":5},{"damage":57,"enemies":"Time Eater","floor":50,"turns":5}],"event_choices":[{"event_name":"Shining Light","player_choice":"Entered Light","floor":2.0,"damage_taken":0.0},{"event_name":"Big Fish","player_choice":"Donut","floor":4.0,"damage_taken":0.0},{"event_name":"Bonfire Elementals","player_choice":"BASIC","floor":5.0,"damage_taken":0.0},{"event_name":"Golden Shrine","player_choice":"Pray","floor":37,"damage_taken":0},{"event_name":"Tomb of Lord Red Mask","player_choice":"Ignored","floor":38,"damage_taken":0},{"event_name":"Winding Halls","player_choice":"Embrace Madness","floor":46,"damage_taken":0}],"boss_relics":[{"not_picked":["Runic Dome","Philosopher\u0027s Stone"],"picked":"Snecko Eye"}],"potions_floor_spawned":[7,10,12,16,18,21,27,35],"seed_played":"7387422698055398579","ascension_level":12,"is_trial":false}