{"path_per_floor":["M","M","?","M","$","R","E","R","T","M","$","?","R","M","R","B",null,"M","M","?","$","?","R","M","?","T","T","M","M","R","$","R","B",null,"M","?","?","M","?","R","$","E","T","M","R","M","$","?","R","B"],"character_chosen":"IRONCLAD","items_purchased":["Flash of Steel","Rage","Metallicize","Body Slam","Dexterity Potion"],"gold_per_floor":[112,126,126,146,17,17,48,48,74,86,26,0,0,14,14,116,116,133,146,146,4,4,4,16,16,16,16,29,40,40,22,22,127,127,143,143,143,154,154,154,16,41,112,129,129,147,27,27,27,27],"floor_reached":51,"campfire_rested":3,"playtime":1909,"current_hp_per_floor":[72,72,54,59,59,59,40,40,40,33,33,33,54,57,57,40,64,67,72,72,72,72,72,61,61,61,61,67,52,52,52,52,53,67,62,62,62,72,72,72,69,29,29,13,33,35,35,35,55,18],"items_purged":["Strike_R","Strike_R","Parasite","Pain"],"gold":27,"score":736,"play_id":"a2c020b0-b4c2-4401-afad-f06e78fcae08","local_time":"20180303115635","is_prod":false,"is_daily":false,"is_ascension_mode":true,"campfire_upgraded":7,"timestamp":1520099795,"path_taken":["M","M","?","M","$","R","E","R","T","?","$","?","R","M","R","BOSS","M","M","?","$","?","R","M","?","T","?","?","M","R","?","R","BOSS","M","?","?","?","?","R","$","E","T","M","R","M","$","?","R","BOSS"],"build_version":"2018-03-01-PROD1","purchased_purges":5,"victory":true,"master_deck":["Strike_R","Strike_R","Defend_R","Defend_R","Defend_R","Defend_R","Bash","Pommel Strike+1","Metallicize+1","Flame Barrier+1","Flash of Steel","Rage","Flame Barrier+1","True Grit+1","Armaments+1","Barricade+1","Metallicize+1","Ghostly Armor","Clumsy","Shockwave","Body Slam+1","Demon Form","Body Slam+1"],"max_hp_per_floor":[72,72,72,72,72,72,72,72,72,72,72,72,72,72,72,72,72,72,72,72,72,72,72,72,72,72,72,72,72,72,72,72,72,72,72,72,72,72,72,72,69,69,69,69,69,69,69,69,69,69],"relics":["Black Blood","Red Skull","The Courier","Frozen Eye","Bronze Scales","Cursed Key","Oddly Smooth Stone","Molten Egg 2","Anchor","Dodecahedron"],"card_choices":[{"not_picked":["Evolve","Anger"],"picked":"Pommel Strike"},{"not_picked":["Sword Boomerang","Iron Wave"],"picked":"Metallicize"},{"not_picked":["Searing Blow","Twin Strike"],"picked":"Flame Barrier"},{"not_picked":["Pommel Strike","Cleave"],"picked":"Flame Barrier"},{"not_picked":["Disarm","Evolve"],"picked":"True Grit"},{"not_picked":["Cleave","Rage"],"picked":"Armaments"},{"not_picked":["Brutality","Demon Form"],"picked":"Barricade"},{"not_picked":["Reckless Charge","Power Through"],"picked":"Ghostly Armor"},{"not_picked":["Anger","Bloodletting"],"picked":"Shockwave"},{"not_picked":["Bludgeon","Limit Break"],"picked":"Demon Form"}],"player_experience":306020,"potions_floor_usage":[2,16,33,33,35,42,42,42,50,50],"damage_taken":[{"damage":5,"enemies":"Small Slimes","floor":1,"turns":3},{"damage":3,"enemies":"2 Louse","floor":2,"turns":3},{"damage":1,"enemies":"Cultist","floor":4,"turns":5},{"damage":25,"enemies":"Lagavulin","floor":7,"turns":12},{"damage":13,"enemies":"Large Slime","floor":10,"turns":6},{"damage":3,"enemies":"Exordium Wildlife","floor":14,"turns":6},{"damage":23,"enemies":"Hexaghost","floor":16,"turns":11},{"damage":3,"enemies":"Shell Parasite","floor":18,"turns":7},{"damage":0,"enemies":"Spheric Guardian","floor":19,"turns":6},{"damage":17,"enemies":"Cultist and Chosen","floor":24,"turns":11},{"damage":0,"enemies":"Snecko","floor":28,"turns":10},{"damage":21,"enemies":"Slaver and Parasite","floor":29,"turns":9},{"damage":20,"enemies":"Collector","floor":33,"turns":15},{"damage":15,"enemies":"Orb Walker","floor":35,"turns":5},{"damage":0,"enemies":"3 Shapes","floor":38,"turns":7},{"damage":50,"enemies":"2 Orb Walkers","floor":42,"turns":8},{"damage":26,"enemies":"3 Darklings","floor":44,"turns":8},{"damage":8,"enemies":"4 Shapes","floor":46,"turns":7},{"damage":47,"enemies":"Time Eater","floor":50,"turns":10}],"event_choices":[{"event_name":"Scrap Ooze","player_choice":"success","floor":3,"damage_taken":18},{"event_name":"World of Goop","player_choice":"Left","floor":12,"damage_taken":0},{"event_name":"Drug Dealer","player_choice":"Ignored","floor":20,"damage_taken":0},{"event_name":"Vampires","player_choice":"Ignored","floor":22,"damage_taken":0},{"event_name":"Addict","player_choice":"Ignored","floor":25,"damage_taken":0},{"event_name":"Upgrade Shrine","player_choice":"Upgraded","floor":36,"damage_taken":0},{"event_name":"Duplicator","player_choice":"One dupe","floor":37,"damage_taken":0},{"event_name":"Tomb of Lord Red Mask","player_choice":"Ignored","floor":39,"damage_taken":0}],"boss_relics":[{"not_picked":["White Beast Statue","Black Star"],"picked":"Cursed Key"},{"not_picked":["Runic Cube","Question Card"],"picked":"Black Blood"}],"potions_floor_spawned":[1,7,14,28,29,33,38,44,46],"seed_played":"-7344872056122166031","ascension_level":9,"is_trial":false}