{"path_per_floor":["M","$","M","?","M","R","M","R","T","M","R","E","M","?","R","B",null,"M","$","M","M","?","R","M","R","T","R","E","?","R","E","R","B",null,"M","?","M","M","M","R","?","M","T","M","$","?","M","M","R"],"character_chosen":"IRONCLAD","items_purchased":["Perfected Strike","Happy Flower","Battle Trance"],"gold_per_floor":[114,68,82,82,99,99,117,117,144,161,161,187,207,207,207,279,279,293,62,77,91,16,16,34,34,34,34,61,11,11,40,40,117,117,134,134,146,164,184,184,184,204,204,222,149,149,167,183,183],"floor_reached":50,"campfire_rested":3,"playtime":1511,"current_hp_per_floor":[67,67,73,66,72,72,51,51,51,43,43,40,38,31,31,10,60,66,66,51,45,45,45,35,35,35,35,26,26,49,25,48,20,63,64,64,73,47,47,47,47,35,35,23,23,77,59,44,67],"items_purged":["Defend_R"],"gold":183,"score":802,"play_id":"2388b914-8266-4aca-9188-a03eabae0b47","local_time":"20180312172039","is_prod":false,"is_daily":false,"is_ascension_mode":true,"campfire_upgraded":5,"timestamp":1520896839,"path_taken":["M","?","M","?","?","R","M","R","T","M","R","E","M","?","R","BOSS","M","$","M","M","?","R","M","R","T","R","E","?","R","E","R","BOSS","M","?","M","M","M","R","?","M","T","M","$","?","?","M","R","BOSS"],"build_version":"2018-03-09","purchased_purges":2,"victory":false,"master_deck":["Strike_R","Strike_R","Strike_R","Strike_R","Strike_R","Defend_R","Defend_R","Bash","Impervious","Perfected Strike+1","Perfected Strike+1","Thunderclap","Shrug It Off","Armaments+1","Cleave","Double Tap+1","Wild Strike","Iron Wave","Wild Strike","Fiend Fire","Pommel Strike+1","Twin Strike","Twin Strike+1","Thunderclap+1","Battle Trance","Evolve"],"max_hp_per_floor":[80,80,80,80,80,80,80,80,80,80,80,80,80,77,77,77,77,77,77,77,77,77,77,77,77,77,77,77,77,77,77,77,77,77,77,77,77,77,77,77,77,77,77,77,77,77,77,77,77],"relics":["Burning Blood","Girya","Prayer Wheel","Charon\u0027s Ashes","Sozu","Happy Flower","Magic Flower","Bottled Lightning","Omamori","Velvet Choker","Peace Pipe"],"card_choices":[{"not_picked":["Sword Boomerang","Anger"],"picked":"Flame Barrier"},{"not_picked":["Wild Strike","Disarm"],"picked":"Perfected Strike"},{"not_picked":["Carnage","Warcry"],"picked":"Thunderclap"},{"not_picked":["Flex","Shockwave"],"picked":"Shrug It Off"},{"not_picked":["Carnage","Body Slam"],"picked":"Armaments"},{"not_picked":["Bloodletting","Anger"],"picked":"Cleave"},{"not_picked":["Exhume","Reaper"],"picked":"Double Tap"},{"not_picked":["Heavy Blade","Flame Barrier"],"picked":"Wild Strike"},{"not_picked":["Havoc","Entrench"],"picked":"Iron Wave"},{"not_picked":["Flex","Shrug It Off"],"picked":"Wild Strike"},{"not_picked":["Immolate","Bludgeon"],"picked":"Fiend Fire"},{"not_picked":["Havoc","Flex"],"picked":"Pommel Strike"},{"not_picked":["Disarm","Reckless Charge"],"picked":"Twin Strike"},{"not_picked":["Clash","Sentinel"],"picked":"Twin Strike"},{"not_picked":["Inflame","Armaments"],"picked":"Thunderclap"},{"not_picked":["Headbutt","Power Through"],"picked":"Evolve"}],"player_experience":536371,"potions_floor_usage":[],"damage_taken":[{"damage":11.0,"enemies":"Cultist","floor":1.0,"turns":4.0},{"damage":0.0,"enemies":"2 Louse","floor":3.0,"turns":3.0},{"damage":0.0,"enemies":"Small Slimes","floor":5.0,"turns":3.0},{"damage":27.0,"enemies":"Gremlin Gang","floor":7.0,"turns":5.0},{"damage":14.0,"enemies":"Lots of Slimes","floor":10.0,"turns":4.0},{"damage":9.0,"enemies":"3 Sentries","floor":12.0,"turns":5.0},{"damage":8.0,"enemies":"3 Louse","floor":13.0,"turns":3.0},{"damage":27.0,"enemies":"The Guardian","floor":16.0,"turns":10.0},{"damage":0.0,"enemies":"Spheric Guardian","floor":18.0,"turns":2.0},{"damage":21.0,"enemies":"Shell Parasite","floor":20.0,"turns":3.0},{"damage":12.0,"enemies":"3 Cultists","floor":21.0,"turns":4.0},{"damage":16.0,"enemies":"Slaver and Parasite","floor":24.0,"turns":3.0},{"damage":18.0,"enemies":"Slavers","floor":28.0,"turns":5.0},{"damage":33.0,"enemies":"Gremlin Leader","floor":31.0,"turns":4.0},{"damage":37.0,"enemies":"Automaton","floor":33.0,"turns":8.0},{"damage":8.0,"enemies":"3 Shapes","floor":35.0,"turns":3.0},{"damage":0.0,"enemies":"Orb Walker","floor":37.0,"turns":2.0},{"damage":35.0,"enemies":"4 Shapes","floor":38.0,"turns":3.0},{"damage":9.0,"enemies":"Maw","floor":39.0,"turns":5.0},{"damage":21.0,"enemies":"3 Darklings","floor":42.0,"turns":3.0},{"damage":21.0,"enemies":"4 Shapes","floor":44.0,"turns":5.0},{"damage":27,"enemies":"Maw","floor":47,"turns":3},{"damage":24,"enemies":"3 Darklings","floor":48,"turns":3},{"damage":68,"enemies":"Donu and Deca","floor":50,"turns":4}],"event_choices":[{"event_name":"Scrap Ooze","player_choice":"success","floor":4.0,"damage_taken":7.0},{"event_name":"Golden Wing","player_choice":"Card Removal","floor":14.0,"damage_taken":0.0},{"event_name":"Beggar","player_choice":"Gave Gold","floor":22.0,"damage_taken":0.0},{"event_name":"The Joust","player_choice":"Bet on Murderer","floor":29.0,"damage_taken":0.0},{"event_name":"Tomb of Lord Red Mask","player_choice":"Ignored","floor":36.0,"damage_taken":0.0},{"event_name":"Wheel of Change","player_choice":"Full Heal","floor":46,"damage_taken":0}],"boss_relics":[],"potions_floor_spawned":[1,10,13,16,18,28,31,33,37,38,44],"seed_played":"4444291400717030436","killed_by":"Donu and Deca","ascension_level":13,"is_trial":false}