{"path_per_floor":["M","?","$","?","T","R","E","R","T","M","?","M","M","M","R","B",null,"M","$","?","M","M","R","M","R","T","M","R","?","?","?","R","B",null,"M","M","?","$","?","R","M","M","T","R","E","R","$","M","R"],"character_chosen":"IRONCLAD","items_purchased":["Uppercut","Inflame","Master of Strategy","Anger","Regen Potion","Dexterity Potion","Swift Potion","Strength Potion"],"gold_per_floor":[111,111,0,0,80,80,114,114,187,202,202,216,229,243,243,340,340,359,75,75,93,111,111,127,127,127,142,142,42,42,42,42,144,144,155,165,165,13,13,13,30,49,122,122,156,156,5,23,23],"floor_reached":50,"campfire_rested":7,"playtime":1720,"current_hp_per_floor":[65,58,58,58,58,58,38,61,61,54,77,77,77,77,77,25,64,49,49,49,48,40,40,17,40,40,32,55,55,39,64,64,39,68,58,37,37,37,37,60,28,42,42,65,31,54,54,34,57],"items_purged":["Bloodletting","Strike_R"],"gold":23,"score":630,"play_id":"77ce8ee7-d213-4916-bb78-aa20cf61bd8f","local_time":"20180303124031","is_prod":false,"is_daily":false,"is_ascension_mode":true,"campfire_upgraded":4,"timestamp":1520102431,"path_taken":["M","?","$","?","?","R","E","R","T","M","?","M","M","?","R","BOSS","M","$","?","M","M","R","M","R","T","M","R","?","?","?","R","BOSS","M","M","?","$","?","R","M","M","T","R","E","R","$","M","R","BOSS"],"build_version":"2018-03-01-PROD1","purchased_purges":3,"victory":false,"master_deck":["Strike_R","Strike_R","Strike_R","Defend_R","Defend_R","Defend_R","Defend_R","Bash","Uppercut+1","Inflame","Shockwave","Armaments+1","Impervious","Limit Break+1","Iron Wave","Master of Strategy+1","Anger","Flex+1","Demon Form","J.A.X.","Fiend Fire","Iron Wave+1","Impervious"],"max_hp_per_floor":[80,77,77,77,77,77,77,77,77,77,77,77,77,77,77,77,77,77,77,77,77,77,77,77,77,77,77,77,77,77,77,77,77,77,77,77,77,77,77,77,77,77,77,77,77,77,77,77,77],"relics":["Burning Blood","Dodecahedron","Torii","Shuriken","Mark of Pain","Ice Cream","Enchiridion","Lizard Tail","Toxic Egg 2","Girya"],"card_choices":[{"not_picked":["Anger","Havoc"],"picked":"Headbutt"},{"not_picked":["Anger","Sever Soul"],"picked":"Shockwave"},{"not_picked":["Ghostly Armor","Burning Pact"],"picked":"Armaments"},{"not_picked":["Corruption","Sever Soul"],"picked":"Impervious"},{"not_picked":["Fiend Fire","Offering"],"picked":"Limit Break"},{"not_picked":["Searing Blow","Havoc"],"picked":"Iron Wave"},{"not_picked":["Twin Strike","Rage"],"picked":"Flex"},{"not_picked":["Fire Breathing","Clash"],"picked":"Demon Form"},{"not_picked":["Limit Break","Berserk"],"picked":"Fiend Fire"},{"not_picked":["Armaments","Dual Wield"],"picked":"Iron Wave"},{"not_picked":["Warcry","Cleave"],"picked":"Impervious"}],"player_experience":308801,"potions_floor_usage":[16,16,21,24,36,41,42,45,50,50,50],"damage_taken":[{"damage":13,"enemies":"Jaw Worm","floor":1,"turns":4},{"damage":26,"enemies":"3 Sentries","floor":7,"turns":7},{"damage":13,"enemies":"2 Louse","floor":10,"turns":3},{"damage":0,"enemies":"Small Slimes","floor":12,"turns":3},{"damage":0,"enemies":"Blue Slaver","floor":13,"turns":5},{"damage":1,"enemies":"2 Fungi Beasts","floor":14,"turns":4},{"damage":58,"enemies":"Hexaghost","floor":16,"turns":12},{"damage":21,"enemies":"Spheric Guardian","floor":18,"turns":6},{"damage":7,"enemies":"3 Byrds","floor":21,"turns":6},{"damage":14,"enemies":"Snake Plant","floor":22,"turns":5},{"damage":29,"enemies":"Centurion and Healer","floor":24,"turns":4},{"damage":14,"enemies":"Snecko","floor":27,"turns":5},{"damage":31,"enemies":"Collector","floor":33,"turns":5},{"damage":16,"enemies":"3 Shapes","floor":35,"turns":7},{"damage":27,"enemies":"3 Darklings","floor":36,"turns":6},{"damage":53,"enemies":"Sphere and 2 Shapes","floor":41,"turns":8},{"damage":35,"enemies":"4 Shapes","floor":42,"turns":11},{"damage":40,"enemies":"Nemesis","floor":45,"turns":7},{"damage":26,"enemies":"3 Darklings","floor":48,"turns":5},{"damage":65,"enemies":"Donu and Deca","floor":50,"turns":5}],"event_choices":[{"event_name":"Golden Wing","player_choice":"Card Removal","floor":2,"damage_taken":0},{"event_name":"Liars Game","player_choice":"disagreed","floor":4,"damage_taken":0},{"event_name":"Big Fish","player_choice":"Banana","floor":11,"damage_taken":0},{"event_name":"Vampires","player_choice":"Ignored","floor":20,"damage_taken":0},{"event_name":"Drug Dealer","player_choice":"Got JAXXED","floor":29,"damage_taken":0},{"event_name":"Cursed Tome","player_choice":"Obtained Book","floor":30,"damage_taken":0},{"event_name":"The Library","player_choice":"Heal","floor":31,"damage_taken":0},{"event_name":"The Moai Head","player_choice":"Ignored","floor":37,"damage_taken":0}],"boss_relics":[{"not_picked":["Runic Dome","Runic Cube"],"picked":"Mark of Pain"},{"not_picked":["Astrolabe","Velvet Choker"],"picked":"Lizard Tail"}],"potions_floor_spawned":[13,14,16,22,27,35,42],"seed_played":"-3302504035438264973","killed_by":"Donu and Deca","ascension_level":10,"is_trial":false}