{"path_per_floor":["M","M","?","M","M","R","E","M","T","$","R","$","E","M","R","B",null,"M","?","$","M","?","E","?","R","T"],"character_chosen":"IRONCLAD","items_purchased":["Lantern","Flex","Flex","Corruption"],"gold_per_floor":[113,131,131,146,166,166,209,227,254,55,55,31,74,98,98,192,192,206,206,118,133,333,369,369,369,369],"floor_reached":27,"campfire_rested":0,"playtime":1044,"current_hp_per_floor":[72,72,54,60,43,43,27,33,33,33,33,33,25,29,29,12,57,55,55,55,45,45,17,17,17,17],"items_purged":["Strike_R"],"gold":369,"score":410,"play_id":"968c3aeb-eda8-48a1-92b8-81f869b4026f","local_time":"20180313210640","is_prod":false,"is_daily":false,"is_ascension_mode":true,"campfire_upgraded":4,"timestamp":1520996800,"path_taken":["M","M","?","?","M","R","E","M","T","$","R","$","E","M","R","BOSS","M","?","$","M","?","E","?","R","T","M"],"build_version":"2018-03-09","purchased_purges":1,"victory":false,"master_deck":["Strike_R+1","Strike_R+1","Strike_R+1","Strike_R+1","Defend_R+1","Defend_R+1","Defend_R+1","Defend_R+1","Bash+1","Clash","Body Slam+1","Shrug It Off","Thunderclap+1","Flex","Flex","Thunderclap","Double Tap+1","Barricade+1","Evolve","Corruption","Writhe"],"max_hp_per_floor":[72,72,72,72,72,72,72,72,72,72,72,72,72,72,72,72,72,72,72,72,72,72,72,72,72,72],"relics":["Burning Blood","Golden Idol","Bronze Scales","Whetstone","Lantern","Smiling Mask","Sozu","Peace Pipe","Oddly Smooth Stone","Anchor"],"card_choices":[{"not_picked":["Sentinel","Infernal Blade"],"picked":"Clash"},{"not_picked":["True Grit","Perfected Strike"],"picked":"Body Slam"},{"not_picked":["Perfected Strike","Anger"],"picked":"Shrug It Off"},{"not_picked":["Hemokinesis","Immolate"],"picked":"Thunderclap"},{"not_picked":["Pommel Strike","True Grit"],"picked":"Thunderclap"},{"not_picked":["Anger","Iron Wave"],"picked":"Double Tap"},{"not_picked":["Berserk","Double Tap"],"picked":"Barricade"},{"not_picked":["Perfected Strike","Heavy Blade"],"picked":"Evolve"}],"player_experience":541178,"potions_floor_usage":[],"damage_taken":[{"damage":2.0,"enemies":"Jaw Worm","floor":1.0,"turns":3.0},{"damage":6.0,"enemies":"Cultist","floor":2.0,"turns":3.0},{"damage":0.0,"enemies":"2 Louse","floor":4.0,"turns":3.0},{"damage":23.0,"enemies":"Large Slime","floor":5.0,"turns":6.0},{"damage":22.0,"enemies":"Lagavulin","floor":7.0,"turns":7.0},{"damage":0.0,"enemies":"2 Fungi Beasts","floor":8.0,"turns":2.0},{"damage":14.0,"enemies":"3 Sentries","floor":13.0,"turns":7.0},{"damage":2.0,"enemies":"Gremlin Gang","floor":14.0,"turns":3.0},{"damage":23.0,"enemies":"Slime Boss","floor":16.0,"turns":11.0},{"damage":8.0,"enemies":"3 Byrds","floor":18.0,"turns":3.0},{"damage":16.0,"enemies":"Shell Parasite","floor":21.0,"turns":6.0},{"damage":34,"enemies":"Slavers","floor":23,"turns":5},{"damage":42,"enemies":"Chosen and Byrds","floor":27,"turns":6}],"event_choices":[{"event_name":"Golden Idol","player_choice":"Take Damage","floor":3.0,"damage_taken":0.0},{"event_name":"Back to Basics","player_choice":"Simplicity","floor":19.0,"damage_taken":0.0},{"event_name":"Wheel of Change","player_choice":"Gold","floor":22.0,"damage_taken":0.0},{"event_name":"The Mausoleum","player_choice":"Yes","floor":24,"damage_taken":0}],"boss_relics":[],"potions_floor_spawned":[1,2,5,8,14,21],"seed_played":"4041193964766932512","killed_by":"Chosen and Byrds","ascension_level":14,"is_trial":false}