{"path_per_floor":["M","M","M","?","?","R","?","R","T","R","M","E","$","M","R","B",null,"M","M","M","M","?","R","?","R","T","M","M"],"character_chosen":"IRONCLAD","items_purchased":["Double Tap","Regen Potion"],"gold_per_floor":[112,131,145,145,145,145,167,167,167,167,182,212,10,20,20,118,118,137,148,161,180,180,180,95,95,95,113,129],"floor_reached":29,"campfire_rested":1,"playtime":996,"current_hp_per_floor":[68,74,76,76,76,76,61,61,61,61,67,64,64,63,77,45,69,68,50,62,58,58,58,58,58,58,42,27],"items_purged":[],"gold":129,"score":341,"play_id":"eea47ffa-649b-4618-9f20-818719c3c338","local_time":"20180303163455","is_prod":false,"is_daily":false,"is_ascension_mode":true,"campfire_upgraded":5,"timestamp":1520116495,"path_taken":["M","M","M","?","?","R","?","R","T","R","M","E","$","M","R","BOSS","M","M","M","M","?","R","?","R","T","M","M","E"],"build_version":"2018-03-01-PROD1","purchased_purges":0,"victory":false,"master_deck":["Strike_R","Strike_R","Strike_R","Strike_R","Defend_R","Defend_R","Defend_R","Defend_R","Bash+1","Rampage+1","Metallicize+1","Pommel Strike+1","Shrug It Off","Shrug It Off","Double Tap","Feed","True Grit+1","Shrug It Off","Headbutt+1","Spot Weakness","Metallicize+1","Metallicize"],"max_hp_per_floor":[80,80,80,77,77,77,77,77,77,77,77,77,77,77,77,77,77,80,80,83,86,86,86,86,86,86,86,89],"relics":["Burning Blood","Odd Mushroom","Art of War","Bottled Flame","Runic Cube","Orichalcum","Du-Vu Doll"],"card_choices":[{"not_picked":["Sentinel","Warcry"],"picked":"Rampage"},{"not_picked":["Armaments","Thunderclap"],"picked":"Metallicize"},{"not_picked":["Heavy Blade","Perfected Strike"],"picked":"Pommel Strike"},{"not_picked":["Anger","Havoc"],"picked":"Shrug It Off"},{"not_picked":["Warcry","Dark Embrace"],"picked":"Shrug It Off"},{"not_picked":["Exhume","Immolate"],"picked":"Feed"},{"not_picked":["Armaments","Clash"],"picked":"True Grit"},{"not_picked":["Second Wind","Body Slam"],"picked":"Shrug It Off"},{"not_picked":["Clash","Shrug It Off"],"picked":"Headbutt"},{"not_picked":["Ghostly Armor","Perfected Strike"],"picked":"Spot Weakness"},{"not_picked":["Headbutt","Dual Wield"],"picked":"Metallicize"}],"player_experience":311642,"potions_floor_usage":[7,12,16,19,20],"damage_taken":[{"damage":10,"enemies":"Cultist","floor":1,"turns":5},{"damage":0,"enemies":"2 Louse","floor":2,"turns":3},{"damage":4,"enemies":"Jaw Worm","floor":3,"turns":5},{"damage":21,"enemies":"The Mushroom Lair","floor":7,"turns":3},{"damage":0,"enemies":"Looter","floor":11,"turns":4},{"damage":9,"enemies":"Gremlin Nob","floor":12,"turns":4},{"damage":7,"enemies":"Large Slime","floor":14,"turns":6},{"damage":38,"enemies":"Hexaghost","floor":16,"turns":8},{"damage":10,"enemies":"Spheric Guardian","floor":18,"turns":5},{"damage":24,"enemies":"3 Byrds","floor":19,"turns":6},{"damage":12,"enemies":"Centurion and Healer","floor":20,"turns":8},{"damage":13,"enemies":"Snecko","floor":21,"turns":10},{"damage":22,"enemies":"Cultist and Chosen","floor":27,"turns":6},{"damage":24,"enemies":"Snake Plant","floor":28,"turns":5},{"damage":27,"enemies":"Book of Stabbing","floor":29,"turns":4}],"event_choices":[{"event_name":"Purifier","player_choice":"One Purge","floor":4,"damage_taken":0},{"event_name":"Living Wall","player_choice":"Forget","floor":5,"damage_taken":0},{"event_name":"Mushrooms","player_choice":"Fought Mushrooms","floor":7,"damage_taken":0},{"event_name":"Duplicator","player_choice":"One dupe","floor":22,"damage_taken":0},{"event_name":"Addict","player_choice":"Obtained Relic","floor":24,"damage_taken":0}],"boss_relics":[{"not_picked":["Orrery","Pandora\u0027s Box"],"picked":"Runic Cube"}],"potions_floor_spawned":[1,2,11,18],"seed_played":"-4533421601001933918","killed_by":"Book of Stabbing","ascension_level":10,"is_trial":false}