{"path_per_floor":["M","M","M","M","$","E","R","?","T","R","M","$","E","?","R","B",null,"M","?","?","?","$","R","?","M","T","M"],"character_chosen":"IRONCLAD","items_purchased":["Armaments"],"gold_per_floor":[112,125,143,160,59,91,91,91,91,91,102,2,31,31,31,128,128,148,148,148,148,23,23,23,35,35,53],"floor_reached":28,"campfire_rested":1,"playtime":1122,"current_hp_per_floor":[72,78,80,37,37,13,13,13,13,36,42,42,38,38,38,41,68,65,65,65,65,65,65,65,35,35,27],"items_purged":["Parasite","Strike_R","Bash"],"gold":53,"score":350,"play_id":"9e615d00-83f3-4254-b193-219b1f74818a","local_time":"20180306194129","is_prod":false,"is_daily":false,"is_ascension_mode":true,"campfire_upgraded":2,"timestamp":1520361689,"path_taken":["M","?","M","M","$","E","R","?","T","R","M","$","E","?","R","BOSS","M","?","?","?","$","R","?","M","T","M","?"],"build_version":"2018-03-01-PROD1","purchased_purges":3,"victory":false,"master_deck":["Defend_R","Defend_R","Defend_R","Defend_R","Inflame","True Grit","Uppercut","Body Slam+1","Armaments+1","Ghostly Armor","Shrug It Off","Offering","Entrench+1","Exhume","Bludgeon+1","Entrench+1","Normality","Battle Trance+1","Battle Trance"],"max_hp_per_floor":[80,80,80,80,77,77,77,77,77,77,77,77,77,77,77,77,77,77,77,77,77,77,77,77,77,77,77],"relics":["Burning Blood","Prayer Wheel","Girya","Blood Vial","Astrolabe","Smiling Mask","Frozen Eye"],"card_choices":[{"not_picked":["Intimidate","Flex"],"picked":"Inflame"},{"not_picked":["Rupture","Fire Breathing"],"picked":"True Grit"},{"not_picked":["Dropkick","Anger"],"picked":"Uppercut"},{"not_picked":["Heavy Blade","Impervious"],"picked":"Body Slam"},{"not_picked":["Iron Wave","Headbutt"],"picked":"Ghostly Armor"},{"not_picked":["Twin Strike","Pommel Strike"],"picked":"Shrug It Off"},{"not_picked":["Anger","True Grit"],"picked":"Offering"},{"not_picked":["Shrug It Off","Twin Strike"],"picked":"Entrench"},{"not_picked":["Feed","Dark Embrace"],"picked":"Exhume"},{"not_picked":["Perfected Strike","Wild Strike"],"picked":"Battle Trance"},{"not_picked":["Thunderclap","Heavy Blade"],"picked":"Battle Trance"}],"player_experience":302404,"potions_floor_usage":[13,13,16,16,28],"damage_taken":[{"damage":6,"enemies":"Cultist","floor":1,"turns":4},{"damage":0,"enemies":"Small Slimes","floor":2,"turns":3},{"damage":4,"enemies":"Jaw Worm","floor":3,"turns":4},{"damage":49,"enemies":"Exordium Thugs","floor":4,"turns":9},{"damage":30,"enemies":"Lagavulin","floor":6,"turns":10},{"damage":0,"enemies":"Blue Slaver","floor":11,"turns":5},{"damage":10,"enemies":"Gremlin Nob","floor":13,"turns":3},{"damage":5,"enemies":"The Guardian","floor":16,"turns":13},{"damage":11,"enemies":"Shell Parasite","floor":18,"turns":8},{"damage":38,"enemies":"Spheric Guardian","floor":25,"turns":9},{"damage":16,"enemies":"Snecko","floor":27,"turns":8},{"damage":54,"enemies":"Cultist and Chosen","floor":28,"turns":7}],"event_choices":[{"event_name":"Bonfire Elementals","player_choice":"BASIC","floor":8,"damage_taken":0},{"event_name":"The Lab","player_choice":"Got Potions","floor":14,"damage_taken":0},{"event_name":"Upgrade Shrine","player_choice":"Upgraded","floor":19,"damage_taken":0},{"event_name":"Drug Dealer","player_choice":"Ignored","floor":20,"damage_taken":0},{"event_name":"Purifier","player_choice":"One Purge","floor":21,"damage_taken":0},{"event_name":"Accursed Blacksmith","player_choice":"Rummage","floor":24,"damage_taken":0}],"boss_relics":[{"not_picked":["Orrery","Ectoplasm"],"picked":"Astrolabe"}],"potions_floor_spawned":[1,2,6,11,13,27],"seed_played":"6228727201694266071","killed_by":"Cultist and Chosen","ascension_level":11,"is_trial":false}