{"path_per_floor":["M","M","M","?","M","R","$","M","T","M","M","T","R","M","R","B",null,"M","?","$","$","M","R","M","M","T"],"character_chosen":"IRONCLAD","items_purchased":["Shrug It Off"],"gold_per_floor":[109,119,131,131,147,147,49,65,115,128,139,166,166,182,182,280,280,300,300,200,200,220,220,235,247,547],"floor_reached":27,"campfire_rested":0,"playtime":1114,"current_hp_per_floor":[63,60,63,63,63,63,63,66,66,67,72,72,72,73,73,52,71,61,61,61,61,50,50,33,18,18],"items_purged":["Strike_R","Perfected Strike"],"gold":547,"score":324,"play_id":"39818b5a-2fde-4d34-9581-ba60eccabc91","local_time":"20180304183413","is_prod":false,"is_daily":false,"is_ascension_mode":true,"campfire_upgraded":4,"timestamp":1520210053,"path_taken":["M","?","M","?","M","R","$","M","T","M","M","?","R","?","R","BOSS","M","?","?","$","M","R","?","M","T","M"],"build_version":"2018-03-01-PROD1","purchased_purges":4,"victory":false,"master_deck":["Bash","Armaments+1","Reaper","Rampage+1","Shrug It Off","Shrug It Off","Iron Wave+1","Shrug It Off","Intimidate","Double Tap","Whirlwind","Body Slam","Havoc","Thunderclap","Thunderclap","Flex","Headbutt","Metallicize+1","Impervious"],"max_hp_per_floor":[77,77,77,77,77,77,77,77,77,77,77,77,77,77,77,77,77,77,77,77,77,77,77,77,77,77],"relics":["Burning Blood","Bag of Marbles","Whetstone","Pandora\u0027s Box","Old Coin"],"card_choices":[{"not_picked":["Body Slam","Second Wind"],"picked":"Armaments"},{"not_picked":["Cleave","Flex"],"picked":"Reaper"},{"not_picked":["Iron Wave","Blood for Blood"],"picked":"Shrug It Off"},{"not_picked":["Armaments","Clash"],"picked":"Iron Wave"},{"not_picked":["Dropkick","Flex"],"picked":"Shrug It Off"},{"not_picked":["Sever Soul","Pummel"],"picked":"Intimidate"},{"not_picked":["Feed","Berserk"],"picked":"Double Tap"},{"not_picked":["Rupture","Havoc"],"picked":"Impervious"}],"player_experience":324345,"potions_floor_usage":[16,16,18,27],"damage_taken":[{"damage":15,"enemies":"Cultist","floor":1,"turns":5},{"damage":9,"enemies":"Jaw Worm","floor":2,"turns":5},{"damage":7,"enemies":"Small Slimes","floor":3,"turns":4},{"damage":6,"enemies":"Blue Slaver","floor":5,"turns":5},{"damage":3,"enemies":"Looter","floor":8,"turns":4},{"damage":15,"enemies":"Exordium Thugs","floor":10,"turns":5},{"damage":6,"enemies":"Gremlin Gang","floor":11,"turns":7},{"damage":10,"enemies":"3 Louse","floor":14,"turns":4},{"damage":35,"enemies":"Slime Boss","floor":16,"turns":15},{"damage":23,"enemies":"2 Thieves","floor":18,"turns":4},{"damage":17,"enemies":"Shell Parasite","floor":22,"turns":6},{"damage":29,"enemies":"Snecko","floor":24,"turns":8},{"damage":21,"enemies":"Chosen and Byrds","floor":25,"turns":8},{"damage":22,"enemies":"Slaver and Parasite","floor":27,"turns":1}],"event_choices":[{"event_name":"Match and Keep!","player_choice":"1 cards matched","floor":4,"damage_taken":0},{"event_name":"The Library","player_choice":"Read","floor":19,"damage_taken":0}],"boss_relics":[{"not_picked":["Question Card","Calling Bell"],"picked":"Pandora\u0027s Box"}],"potions_floor_spawned":[2,3,14,24,25],"seed_played":"-1176492626379425962","killed_by":"Slaver and Parasite","ascension_level":11,"is_trial":false}