{"path_per_floor":["M","?","?","?","M","E","R","M","T","?","M","M","R","E","R","B",null,"M","?","?","?","M","E","R","E","T","M","M","?","M","$","R"],"character_chosen":"IRONCLAD","items_purchased":["Lantern","Rampage","Pen Nib"],"gold_per_floor":[109,109,109,109,127,158,158,175,200,200,218,233,233,260,260,361,361,375,375,375,290,305,338,338,369,399,414,429,429,444,23,23],"floor_reached":33,"campfire_rested":3,"playtime":1441,"current_hp_per_floor":[80,80,64,57,63,52,52,52,52,57,63,63,63,53,78,30,85,85,85,69,69,57,42,67,55,55,33,24,24,34,34,59],"items_purged":["Defend_R"],"gold":23,"score":295,"play_id":"b05c03ec-c64c-4814-a6fe-0ceb62d1937d","local_time":"20180304001641","is_prod":false,"is_daily":false,"is_ascension_mode":false,"campfire_upgraded":2,"timestamp":1520140601,"path_taken":["M","?","?","?","M","E","R","M","T","?","M","M","R","E","R","BOSS","M","?","?","?","M","E","R","E","T","?","M","?","?","$","R","BOSS"],"build_version":"2018-03-01-PROD1","purchased_purges":1,"victory":false,"master_deck":["Strike_R+1","Strike_R+1","Defend_R","Defend_R","Bash+1","Pommel Strike+1","Whirlwind+1","Battle Trance+1","Pommel Strike","Limit Break","Flex","Evolve+1","Rampage"],"max_hp_per_floor":[80,80,80,80,80,80,80,80,80,85,85,85,85,85,85,85,85,85,85,85,85,85,85,85,85,85,85,85,85,85,85,85],"relics":["Burning Blood","Smiling Mask","Whetstone","Orichalcum","Black Star","Enchiridion","Dead Branch","Mummified Hand","Matryoshka","Bottled Flame","Darkstone Periapt","Tiny Chest","Ice Cream","Lantern","Pen Nib"],"card_choices":[{"not_picked":["Warcry","Body Slam"],"picked":"Pommel Strike"},{"not_picked":["Exhume","Armaments"],"picked":"Whirlwind"},{"not_picked":["Anger","Feel No Pain"],"picked":"Battle Trance"},{"not_picked":["Hemokinesis","Anger"],"picked":"Pommel Strike"},{"not_picked":["Bludgeon","Brutality"],"picked":"Limit Break"},{"not_picked":["Power Through","True Grit"],"picked":"Flex"},{"not_picked":["Perfected Strike","True Grit"],"picked":"Evolve"}],"player_experience":113119,"potions_floor_usage":[25,25,30,30,33],"damage_taken":[{"damage":2,"enemies":"Small Slimes","floor":1,"turns":4},{"damage":0,"enemies":"Cultist","floor":5,"turns":3},{"damage":17,"enemies":"Gremlin Nob","floor":6,"turns":4},{"damage":6,"enemies":"Jaw Worm","floor":8,"turns":3},{"damage":0,"enemies":"Large Slime","floor":11,"turns":4},{"damage":6,"enemies":"Exordium Wildlife","floor":12,"turns":5},{"damage":16,"enemies":"3 Sentries","floor":14,"turns":3},{"damage":54,"enemies":"The Guardian","floor":16,"turns":10},{"damage":0,"enemies":"3 Byrds","floor":18,"turns":5},{"damage":18,"enemies":"2 Thieves","floor":22,"turns":3},{"damage":21,"enemies":"Gremlin Leader","floor":23,"turns":7},{"damage":18,"enemies":"Slavers","floor":25,"turns":2},{"damage":28,"enemies":"Cultist and Chosen","floor":27,"turns":6},{"damage":15,"enemies":"Centurion and Healer","floor":28,"turns":4},{"damage":2,"enemies":"Snecko","floor":30,"turns":3},{"damage":61,"enemies":"Champ","floor":33,"turns":7}],"event_choices":[{"event_name":"Wheel of Change","player_choice":"Card Removal","floor":2,"damage_taken":0},{"event_name":"Shining Light","player_choice":"Entered Light","floor":3,"damage_taken":0},{"event_name":"Golden Wing","player_choice":"Card Removal","floor":4,"damage_taken":0},{"event_name":"Big Fish","player_choice":"Donut","floor":10,"damage_taken":0},{"event_name":"Back to Basics","player_choice":"Elegance","floor":19,"damage_taken":0},{"event_name":"Cursed Tome","player_choice":"Obtained Book","floor":20,"damage_taken":0},{"event_name":"Addict","player_choice":"Obtained Relic","floor":21,"damage_taken":0},{"event_name":"The Lab","player_choice":"Got Potions","floor":29,"damage_taken":0}],"boss_relics":[{"not_picked":["Mark of Pain","Runic Dome"],"picked":"Black Star"}],"potions_floor_spawned":[1,5,22,27,28],"seed_played":"2740778908537676437","killed_by":"Champ","ascension_level":0,"is_trial":false}