{"path_per_floor":["M","$","?","M","M","R","E","$","T","R","M","?","M","?","R","B",null,"M","?","?","M","T","E","R"],"character_chosen":"IRONCLAD","items_purchased":["Flash of Steel"],"gold_per_floor":[119,29,29,41,56,56,115,40,66,66,82,82,97,161,161,265,265,278,258,258,278,278,308,308,308],"floor_reached":25,"campfire_rested":2,"playtime":698,"current_hp_per_floor":[80,80,86,84,80,80,66,66,66,66,61,61,49,45,70,8,86,65,65,65,59,65,8,35,0],"items_purged":["Regret"],"gold":308,"score":252,"play_id":"89366440-0871-47f5-b625-0572b1642463","local_time":"20180401232241","is_prod":false,"is_daily":false,"is_ascension_mode":true,"campfire_upgraded":2,"timestamp":1522639361,"path_taken":["M","$","?","M","M","R","E","$","T","R","M","?","?","?","R","BOSS","M","?","?","?","?","E","R","M"],"build_version":"2018-03-29v2","purchased_purges":1,"victory":false,"master_deck":["Strike_R+1","Strike_R","Strike_R","Strike_R","Strike_R","Defend_R","Defend_R","Defend_R","Defend_R","Bash","Flex+1","Flash of Steel+1","Shrug It Off","Double Tap+1","Headbutt","Flex","Demon Form","True Grit","Parasite","Corruption+1"],"max_hp_per_floor":[80,80,86,86,86,86,86,86,86,86,86,86,86,86,86,86,86,86,86,86,86,92,92,92,92],"relics":["Burning Blood","Darkstone Periapt","Tiny Chest","Whetstone","Pen Nib","Cursed Key","Charon\u0027s Ashes","Peace Pipe"],"card_choices":[{"not_picked":["Second Wind","Power Through"],"picked":"Flex","floor":1},{"not_picked":["Power Through","Iron Wave"],"picked":"Shrug It Off","floor":4},{"not_picked":["Pommel Strike","True Grit"],"picked":"Double Tap","floor":5},{"not_picked":["Intimidate","Rage"],"picked":"Headbutt","floor":11},{"not_picked":["Body Slam","Ghostly Armor"],"picked":"Flex","floor":13},{"not_picked":["Juggernaut","Impervious"],"picked":"Demon Form","floor":16},{"not_picked":["Cleave","Power Through"],"picked":"True Grit","floor":18},{"not_picked":["Pummel","Havoc"],"picked":"Corruption","floor":23}],"player_experience":185015,"potions_floor_usage":[7,16,16,23,23,23],"damage_taken":[{"damage":1,"enemies":"2 Louse","floor":1,"turns":3},{"damage":8,"enemies":"Small Slimes","floor":4,"turns":4},{"damage":10,"enemies":"Jaw Worm","floor":5,"turns":3},{"damage":20,"enemies":"Gremlin Nob","floor":7,"turns":3},{"damage":11,"enemies":"Looter","floor":11,"turns":3},{"damage":18,"enemies":"Large Slime","floor":13,"turns":2},{"damage":10,"enemies":"3 Sentries","floor":14,"turns":6},{"damage":68,"enemies":"The Guardian","floor":16,"turns":8},{"damage":27,"enemies":"Chosen","floor":18,"turns":5},{"damage":12,"enemies":"Shell Parasite","floor":21,"turns":3},{"damage":75,"enemies":"Slavers","floor":23,"turns":5},{"damage":37,"enemies":"Snake Plant","floor":25,"turns":3}],"event_choices":[{"event_name":"Big Fish","player_choice":"Box","floor":3,"damage_taken":0},{"event_name":"Liars Game","player_choice":"disagreed","floor":12,"damage_taken":0},{"event_name":"Dead Adventurer","player_choice":"Searched \u00272\u0027 times","floor":14,"damage_taken":0},{"event_name":"The Woman in Blue","player_choice":"Bought 1 Potion","floor":19,"damage_taken":0},{"event_name":"N\u0027loth","player_choice":"Ignored","floor":20,"damage_taken":0}],"boss_relics":[{"not_picked":["White Beast Statue","Black Star"],"picked":"Cursed Key"}],"potions_floor_spawned":[1,5,14,16,21,23],"seed_played":"-2874636770273724332","killed_by":"Snake Plant","ascension_level":3,"is_trial":false}