{"path_per_floor":["M","?","M","M","M","R","E","R","T","E","R","E","M","?","R","B",null,"M","M","$","?","M","E","R","E","T","R","$","R","?","?","R"],"character_chosen":"IRONCLAD","items_purchased":["Spot Weakness","Happy Flower","Flame Barrier","Bag of Preparation"],"gold_per_floor":[117,117,134,147,159,159,194,194,218,252,252,279,299,249,249,328,328,339,351,57,57,77,110,110,135,188,188,32,32,32,32,32,32],"floor_reached":33,"campfire_rested":4,"playtime":1005,"current_hp_per_floor":[69,54,50,46,48,48,40,40,40,52,92,92,92,92,92,59,84,86,66,66,66,68,18,60,27,27,69,69,69,69,69,92,0],"items_purged":[],"gold":32,"score":597,"play_id":"4742a9a2-94c8-44a2-8a5b-eb4355b33f16","local_time":"20180405193853","is_prod":false,"is_daily":false,"is_ascension_mode":true,"campfire_upgraded":4,"timestamp":1522975133,"path_taken":["M","?","M","M","M","R","E","R","T","E","R","E","M","?","R","BOSS","M","M","$","?","M","E","R","E","T","R","$","R","?","?","R","BOSS"],"build_version":"2018-03-29v2","purchased_purges":0,"victory":false,"master_deck":["Strike_R+1","Defend_R+1","Defend_R+1","Defend_R+1","Defend_R+1","Bash+1","AscendersBane","Double Tap+1","Whirlwind+1","Offering","Carnage+1","Cleave","Juggernaut","Warcry+1","Limit Break+1","Thunderclap+1","True Grit","Spot Weakness+1","Flame Barrier","Iron Wave","Battle Trance","Shrug It Off"],"max_hp_per_floor":[75,75,75,75,75,75,82,82,82,92,92,92,92,92,92,92,92,92,92,92,92,92,92,92,92,92,92,92,92,92,92,92,92],"relics":["Burning Blood","Strawberry","Regal Pillow","Pear","Bronze Scales","Astrolabe","Happy Flower","Smiling Mask","Anchor","Lantern","Bag of Preparation"],"card_choices":[{"not_picked":["Iron Wave","True Grit"],"picked":"Whirlwind","floor":1},{"not_picked":["Warcry","Sentinel"],"picked":"Offering","floor":3},{"not_picked":["Reckless Charge","Burning Pact"],"picked":"Carnage","floor":4},{"not_picked":["Uppercut","Headbutt"],"picked":"Cleave","floor":5},{"not_picked":["Immolate","Berserk"],"picked":"Juggernaut","floor":16},{"not_picked":["Warcry","Entrench"],"picked":"True Grit","floor":19},{"not_picked":["Uppercut","Body Slam"],"picked":"Battle Trance","floor":22},{"not_picked":["Infernal Blade","Sentinel"],"picked":"Shrug It Off","floor":23}],"player_experience":417479,"potions_floor_usage":[7,16,25,33],"damage_taken":[{"damage":5,"enemies":"Small Slimes","floor":1,"turns":5},{"damage":10,"enemies":"Jaw Worm","floor":3,"turns":5},{"damage":10,"enemies":"Cultist","floor":4,"turns":3},{"damage":4,"enemies":"Large Slime","floor":5,"turns":2},{"damage":21,"enemies":"Lagavulin","floor":7,"turns":5},{"damage":4,"enemies":"3 Sentries","floor":10,"turns":1},{"damage":4,"enemies":"Gremlin Nob","floor":12,"turns":2},{"damage":0,"enemies":"Gremlin Gang","floor":13,"turns":1},{"damage":39,"enemies":"The Guardian","floor":16,"turns":8},{"damage":4,"enemies":"Spheric Guardian","floor":18,"turns":2},{"damage":26,"enemies":"Shell Parasite","floor":19,"turns":3},{"damage":4,"enemies":"3 Cultists","floor":22,"turns":3},{"damage":56,"enemies":"Gremlin Leader","floor":23,"turns":8},{"damage":39,"enemies":"Slavers","floor":25,"turns":6},{"damage":133,"enemies":"Champ","floor":33,"turns":11}],"event_choices":[{"event_name":"Shining Light","player_choice":"Entered Light","floor":2,"damage_taken":0},{"event_name":"The Cleric","player_choice":"Card Removal","floor":14,"damage_taken":0},{"event_name":"The Library","player_choice":"Read","floor":21,"damage_taken":0},{"event_name":"Back to Basics","player_choice":"Simplicity","floor":30,"damage_taken":0},{"event_name":"Drug Dealer","player_choice":"Ignored","floor":31,"damage_taken":0}],"boss_relics":[{"not_picked":["Snecko Eye","Mark of Pain"],"picked":"Astrolabe"}],"potions_floor_spawned":[1,4,10,16,18,19,23],"seed_played":"-5995746726682366530","killed_by":"Champ","ascension_level":14,"is_trial":false}