{"path_per_floor":["M","?","M","M","?","E","$","R","T","?","M","E","M","M","R","B",null,"M","M"],"character_chosen":"IRONCLAD","items_purchased":["Matryoshka"],"gold_per_floor":[209,209,220,234,234,268,18,18,42,42,57,92,102,112,112,188,188,208,218,218],"floor_reached":20,"campfire_rested":1,"playtime":711,"current_hp_per_floor":[74,74,74,68,68,52,52,52,52,52,59,33,32,42,67,41,73,38,15,0],"items_purged":[],"gold":218,"score":307,"play_id":"02fc6b90-2c4d-4824-8ae6-923e54ba62f7","local_time":"20180405200617","is_prod":false,"is_daily":false,"is_ascension_mode":true,"campfire_upgraded":1,"timestamp":1522951577,"path_taken":["M","?","M","M","?","E","?","R","T","?","M","E","M","M","R","BOSS","M","M","M"],"build_version":"2018-03-29v2","purchased_purges":0,"victory":false,"master_deck":["Strike_R","Strike_R","Strike_R","Strike_R","Defend_R","Defend_R","Defend_R","Defend_R","Bash","AscendersBane","Demon Form+1","Warcry","Evolve","Rupture","Flex","Offering","Dual Wield+1","Warcry+1"],"max_hp_per_floor":[80,80,80,80,80,80,80,80,80,80,80,82,82,84,84,84,84,84,84,84],"relics":["Burning Blood","Darkstone Periapt","Bird Faced Urn","Matryoshka","Lantern","Juzu Bracelet","Singing Bowl","Sozu"],"card_choices":[{"not_picked":["Shrug It Off","Whirlwind"],"picked":"Demon Form","floor":1},{"not_picked":["Feel No Pain","Twin Strike"],"picked":"Warcry","floor":4},{"not_picked":["Wild Strike","Iron Wave"],"picked":"Rupture","floor":6},{"not_picked":["Thunderclap","Havoc"],"picked":"Flex","floor":13},{"not_picked":["Juggernaut","Berserk"],"picked":"Offering","floor":16},{"not_picked":["Perfected Strike","Headbutt"],"picked":"Dual Wield","floor":18},{"not_picked":["Thunderclap","Spot Weakness"],"picked":"Warcry","floor":19}],"player_experience":330743,"potions_floor_usage":[6,6,11,11,11,18],"damage_taken":[{"damage":4,"enemies":"Small Slimes","floor":1,"turns":6},{"damage":6,"enemies":"Cultist","floor":3,"turns":4},{"damage":12,"enemies":"Jaw Worm","floor":4,"turns":3},{"damage":22,"enemies":"Gremlin Nob","floor":6,"turns":4},{"damage":1,"enemies":"3 Louse","floor":11,"turns":4},{"damage":40,"enemies":"Lagavulin","floor":12,"turns":6},{"damage":13,"enemies":"Red Slaver","floor":13,"turns":5},{"damage":0,"enemies":"Large Slime","floor":14,"turns":3},{"damage":38,"enemies":"Slime Boss","floor":16,"turns":10},{"damage":47,"enemies":"3 Byrds","floor":18,"turns":7},{"damage":37,"enemies":"Spheric Guardian","floor":19,"turns":5},{"damage":33,"enemies":"Slaver and Parasite","floor":20,"turns":2}],"event_choices":[{"event_name":"Accursed Blacksmith","player_choice":"Rummage","floor":2,"damage_taken":0},{"event_name":"Transmorgrifier","player_choice":"Transform","floor":5,"damage_taken":0},{"event_name":"The Lab","player_choice":"Got Potions","floor":10,"damage_taken":0}],"boss_relics":[{"not_picked":["Ectoplasm","Runic Cube"],"picked":"Sozu"}],"potions_floor_spawned":[1,4,11,12,19],"seed_played":"3356287107913617861","killed_by":"Slaver and Parasite","ascension_level":13,"is_trial":false}