{"path_per_floor":["M","M","?","M","$","R","M","R","T","?","M","R","M","M","R","B",null,"M","M","?","$","M","R","E","R","T","M","R","M","R","T","R"],"character_chosen":"IRONCLAD","items_purchased":["Cleave","Weak Potion"],"gold_per_floor":[115,126,126,142,19,19,30,30,79,79,96,96,108,124,124,220,220,190,190,190,41,41,41,41,41,41,41,41,41,41,41,41,41],"floor_reached":33,"campfire_rested":0,"playtime":806,"current_hp_per_floor":[72,70,63,65,65,65,60,60,60,65,48,48,52,51,51,24,77,77,71,71,71,71,71,76,76,76,61,61,56,56,56,56,24],"items_purged":["Strike_R","Defend_R"],"gold":41,"score":259,"play_id":"900e3e45-e25f-4eed-9494-b5060247c244","local_time":"20180401095008","is_prod":false,"is_daily":false,"is_ascension_mode":false,"campfire_upgraded":9,"timestamp":1522594208,"path_taken":["M","M","?","M","$","R","?","R","T","?","M","R","M","M","R","BOSS","M","M","?","$","M","R","E","R","T","?","R","M","R","?","R","BOSS"],"build_version":"2018-03-29v2","purchased_purges":3,"victory":false,"master_deck":["Strike_R","Strike_R","Strike_R","Defend_R","Defend_R","Defend_R","Bash+1","True Grit+1","Limit Break","Battle Trance+1","Cleave+1","Clash+1","Clash+1","Bludgeon+1","Seeing Red+1","Whirlwind+1","Clash+1","Flex+1","Warcry+1"],"max_hp_per_floor":[72,72,72,72,72,72,72,72,72,77,77,77,77,77,77,77,77,77,77,77,77,77,77,77,77,77,77,77,77,77,77,77,77],"relics":["Burning Blood","Red Skull","Prayer Wheel","Ectoplasm","Gremlin Horn","Peace Pipe","Calipers"],"card_choices":[{"not_picked":["Havoc","Headbutt"],"picked":"True Grit","floor":1.0},{"not_picked":["Wild Strike","Ghostly Armor"],"picked":"Limit Break","floor":2.0},{"not_picked":["Havoc","Flex"],"picked":"Battle Trance","floor":4.0},{"not_picked":["Twin Strike","Rampage"],"picked":"Clash","floor":7.0},{"not_picked":["Wild Strike","Warcry"],"picked":"Clash","floor":13.0},{"not_picked":["Berserk","Exhume"],"picked":"Bludgeon","floor":16.0},{"not_picked":["Infernal Blade","Corruption"],"picked":"Seeing Red","floor":18.0},{"not_picked":["Corruption","Body Slam"],"picked":"Whirlwind","floor":19.0},{"not_picked":["Clothesline","Heavy Blade"],"picked":"Clash","floor":22.0},{"not_picked":["Headbutt","Cleave"],"picked":"Flex","floor":29},{"not_picked":["Perfected Strike","Twin Strike"],"picked":"Warcry","floor":31}],"player_experience":398302,"potions_floor_usage":[],"damage_taken":[{"damage":0.0,"enemies":"Small Slimes","floor":1.0,"turns":3.0},{"damage":8.0,"enemies":"Jaw Worm","floor":2.0,"turns":6.0},{"damage":4.0,"enemies":"Cultist","floor":4.0,"turns":4.0},{"damage":11.0,"enemies":"Looter","floor":7.0,"turns":3.0},{"damage":23.0,"enemies":"Exordium Thugs","floor":11.0,"turns":6.0},{"damage":2.0,"enemies":"Lots of Slimes","floor":13.0,"turns":4.0},{"damage":7.0,"enemies":"Blue Slaver","floor":14.0,"turns":4.0},{"damage":48.0,"enemies":"The Guardian","floor":16.0,"turns":9.0},{"damage":5.0,"enemies":"2 Thieves","floor":18.0,"turns":3.0},{"damage":12.0,"enemies":"Shell Parasite","floor":19.0,"turns":2.0},{"damage":6.0,"enemies":"Centurion and Healer","floor":22.0,"turns":4.0},{"damage":1.0,"enemies":"Gremlin Leader","floor":24.0,"turns":5.0},{"damage":21,"enemies":"Snake Plant","floor":27,"turns":2},{"damage":11,"enemies":"Chosen and Byrds","floor":29,"turns":5},{"damage":32,"enemies":"Champ","floor":33,"turns":6}],"event_choices":[{"event_name":"Golden Wing","player_choice":"Card Removal","floor":3.0,"damage_taken":0.0},{"event_name":"Big Fish","player_choice":"Donut","floor":10.0,"damage_taken":0.0},{"event_name":"Vampires","player_choice":"Ignored","floor":20.0,"damage_taken":0.0}],"boss_relics":[],"potions_floor_spawned":[2,11,16,22,27],"seed_played":"3719726078618870179","killed_by":"Champ","ascension_level":0,"is_trial":false}