{"path_per_floor":["M","?","?","M","M","R","M","$","T","R","M","?","R","$","R","B",null,"M","M","?","M","$","E","R","T","T","R","M","R","M","M","R","B",null,"M","M","M","?","$","R"],"character_chosen":"IRONCLAD","items_purchased":["Battle Trance","Heavy Blade","Bottled Tornado","Block Potion"],"gold_per_floor":[114,114,114,127,138,138,156,7,32,32,43,118,118,95,95,173,173,183,201,201,214,214,239,239,239,262,262,281,281,293,303,303,374,374,384,404,414,414,122,122,122],"floor_reached":41,"campfire_rested":5,"playtime":1222,"current_hp_per_floor":[63,63,47,50,43,43,33,33,33,33,36,25,49,49,73,72,78,77,80,80,59,59,13,37,37,37,61,50,50,39,41,65,29,67,73,72,78,78,78,78,0],"items_purged":["Strike_R"],"gold":122,"score":706,"play_id":"d6dd6389-60bf-4b72-af71-b103a71a39bd","local_time":"20180331182214","is_prod":false,"is_daily":false,"is_ascension_mode":true,"campfire_upgraded":4,"timestamp":1522538534,"path_taken":["M","?","?","M","M","R","M","$","T","R","?","?","R","$","R","BOSS","M","M","?","M","$","E","R","?","T","R","M","R","M","M","R","BOSS","M","M","M","?","$","R","E"],"build_version":"2018-03-29v2","purchased_purges":4,"victory":false,"master_deck":["Bash","AscendersBane","Demon Form+1","Dropkick","Body Slam+1","Flex","Whirlwind+1","Battle Trance","Shrug It Off","Heavy Blade","Limit Break+1","Clash","Armaments","Flex","Intimidate","Sword Boomerang","Anger","Clash+1","Clash","Metallicize+1","Impervious","Flame Barrier+1","Iron Wave+1","Flame Barrier+1"],"max_hp_per_floor":[80,80,80,80,80,80,80,80,80,80,80,80,80,80,80,80,80,80,80,80,80,80,80,80,80,80,80,80,80,80,80,80,80,80,80,80,80,80,80,80,80],"relics":["Burning Blood","Pen Nib","Pandora\u0027s Box","Anchor","Orichalcum","Oddly Smooth Stone","Mark of Pain","Bottled Tornado"],"card_choices":[{"not_picked":["Disarm","Sentinel"],"picked":"Dropkick","floor":1},{"not_picked":["Pommel Strike","Rampage"],"picked":"Flex","floor":4},{"not_picked":["Burning Pact","True Grit"],"picked":"Whirlwind","floor":5},{"not_picked":["Ghostly Armor","Blood for Blood"],"picked":"Shrug It Off","floor":11},{"not_picked":["Offering","Double Tap"],"picked":"Limit Break","floor":16},{"not_picked":["Flex","Headbutt"],"picked":"Clash","floor":18},{"not_picked":["Havoc","Armaments"],"picked":"Clash","floor":21},{"not_picked":["Cleave","Dropkick"],"picked":"Metallicize","floor":28},{"not_picked":["Brutality","Double Tap"],"picked":"Impervious","floor":33},{"not_picked":["Anger","Clash"],"picked":"Flame Barrier","floor":35},{"not_picked":["Thunderclap","Warcry"],"picked":"Iron Wave","floor":36},{"not_picked":["Perfected Strike","Seeing Red"],"picked":"Flame Barrier","floor":37}],"player_experience":396366,"potions_floor_usage":[16,19,30,33,33,36,41,41],"damage_taken":[{"damage":15,"enemies":"Jaw Worm","floor":1,"turns":6},{"damage":3,"enemies":"Cultist","floor":4,"turns":4},{"damage":13,"enemies":"2 Louse","floor":5,"turns":3},{"damage":16,"enemies":"Blue Slaver","floor":7,"turns":4},{"damage":3,"enemies":"Looter","floor":11,"turns":2},{"damage":7,"enemies":"Slime Boss","floor":16,"turns":5},{"damage":7,"enemies":"3 Byrds","floor":18,"turns":4},{"damage":2,"enemies":"Chosen","floor":19,"turns":3},{"damage":27,"enemies":"Centurion and Healer","floor":21,"turns":3},{"damage":52,"enemies":"Book of Stabbing","floor":23,"turns":5},{"damage":17,"enemies":"Snecko","floor":28,"turns":5},{"damage":17,"enemies":"Sentry and Sphere","floor":30,"turns":5},{"damage":4,"enemies":"Slaver and Parasite","floor":31,"turns":4},{"damage":42,"enemies":"Collector","floor":33,"turns":7},{"damage":0,"enemies":"3 Darklings","floor":35,"turns":2},{"damage":7,"enemies":"Orb Walker","floor":36,"turns":6},{"damage":0,"enemies":"Sphere and 2 Shapes","floor":37,"turns":1},{"damage":79,"enemies":"2 Orb Walkers","floor":41,"turns":6}],"event_choices":[{"event_name":"Transmorgrifier","player_choice":"Transform","floor":2,"damage_taken":0},{"event_name":"Shining Light","player_choice":"Entered Light","floor":3,"damage_taken":0},{"event_name":"World of Goop","player_choice":"Gather Gold","floor":12,"damage_taken":0},{"event_name":"Ghosts","player_choice":"Ignored","floor":20,"damage_taken":0}],"boss_relics":[{"not_picked":["Orrery","White Beast Statue"],"picked":"Pandora\u0027s Box"},{"not_picked":["Runic Pyramid","Runic Cube"],"picked":"Mark of Pain"}],"potions_floor_spawned":[1,4,5,16,19,28,31,33,37],"seed_played":"-5886257238935911594","killed_by":"2 Orb Walkers","ascension_level":13,"is_trial":false}