{"path_per_floor":["M","M","M","$","?","R","?","R","T","M","M","?","R","M","R","B"],"character_chosen":"IRONCLAD","items_purchased":[],"gold_per_floor":[114,127,137,62,62,62,62,62,62,78,88,163,163,181,181,281,281],"floor_reached":17,"campfire_rested":1,"playtime":327,"current_hp_per_floor":[80,80,80,80,55,55,55,55,55,48,49,38,62,61,61,10,80],"items_purged":["Strike_R"],"gold":281,"score":147,"play_id":"e1304746-f4ee-4699-a448-a86697508915","local_time":"20180331183429","is_prod":false,"is_daily":false,"is_ascension_mode":false,"campfire_upgraded":3,"timestamp":1522539269,"path_taken":["M","M","M","$","?","R","?","R","T","M","M","?","R","M","R","BOSS"],"build_version":"2018-03-29v2","purchased_purges":1,"victory":false,"master_deck":["Strike_R","Strike_R","Strike_R","Defend_R","Defend_R","Defend_R","Defend_R","Bash+1","Sword Boomerang+1","Battle Trance","Thunderclap","Evolve","Seeing Red+1","Offering","Shrug It Off","Corruption","Sentinel"],"max_hp_per_floor":[80,80,80,80,80,80,80,80,80,80,80,80,80,80,80,80,80],"relics":["Burning Blood","Bronze Scales","Magic Flower","Gambling Chip","Orrery"],"card_choices":[{"not_picked":["Evolve","Entrench"],"picked":"Sword Boomerang","floor":1},{"not_picked":["Pommel Strike","Rage"],"picked":"Battle Trance","floor":2},{"not_picked":["Havoc","Clothesline"],"picked":"Thunderclap","floor":3},{"not_picked":["Clash","Armaments"],"picked":"Seeing Red","floor":14},{"not_picked":["Double Tap","Juggernaut"],"picked":"Offering","floor":16},{"not_picked":["Burning Pact","True Grit"],"picked":"Shrug It Off","floor":17},{"not_picked":["Thunderclap","Power Through"],"picked":"Corruption","floor":17},{"not_picked":["Sever Soul","Rage"],"picked":"Sentinel","floor":17}],"player_experience":397975,"potions_floor_usage":[16],"damage_taken":[{"damage":2,"enemies":"Small Slimes","floor":1,"turns":4},{"damage":6,"enemies":"Cultist","floor":2,"turns":3},{"damage":1,"enemies":"Jaw Worm","floor":3,"turns":3},{"damage":16,"enemies":"Large Slime","floor":10,"turns":3},{"damage":8,"enemies":"3 Louse","floor":11,"turns":2},{"damage":10,"enemies":"Looter","floor":14,"turns":2},{"damage":60,"enemies":"Hexaghost","floor":16,"turns":11}],"event_choices":[{"event_name":"Scrap Ooze","player_choice":"success","floor":5,"damage_taken":25},{"event_name":"Living Wall","player_choice":"Change","floor":7,"damage_taken":0},{"event_name":"World of Goop","player_choice":"Gather Gold","floor":12,"damage_taken":0}],"boss_relics":[{"not_picked":["Black Star","Runic Pyramid"],"picked":"Orrery"}],"potions_floor_spawned":[1,2,16],"seed_played":"-1864346103899926298","ascension_level":0,"is_trial":false}