{"path_per_floor":["M","M","M","?","$","E","R","E","T","M","M","E","R","E","R","B",null,"M","T","M","$","M","E","R","?","T","M","?","E","R","$","R","B",null,"M","M","?","?","?","R","M","R","T","E","?","T","?","$","R"],"character_chosen":"IRONCLAD","items_purchased":["Battle Trance","Shuriken","Sword Boomerang","Kunai"],"gold_per_floor":[111,125,137,137,62,94,94,119,119,137,157,183,183,215,215,291,291,309,309,321,239,249,274,274,274,299,319,319,352,352,70,70,144,144,154,169,169,169,169,169,183,183,183,246,246,246,246,2,2,2],"floor_reached":50,"campfire_rested":3,"playtime":1666,"current_hp_per_floor":[73,75,74,74,74,46,46,35,42,29,26,22,46,33,58,11,70,64,64,72,72,57,39,39,69,69,63,63,48,48,48,48,15,77,83,30,30,86,86,86,86,86,86,65,55,55,44,44,69,0],"items_purged":["Strike_R"],"gold":2,"score":908,"play_id":"e9e674e1-3ecf-4c36-9a9a-bc27ed17ab45","local_time":"20180405232938","is_prod":false,"is_daily":false,"is_ascension_mode":true,"campfire_upgraded":1,"timestamp":1522963778,"path_taken":["M","?","M","?","$","E","R","E","T","M","M","E","R","E","R","BOSS","M","?","M","?","M","E","R","?","T","M","?","E","R","$","R","BOSS","M","M","?","?","?","R","M","R","T","E","?","?","?","?","R","BOSS"],"build_version":"2018-03-29v2","purchased_purges":1,"victory":false,"master_deck":["Bash","AscendersBane","Iron Wave+1","True Grit","Clothesline","Cleave","Inflame","Infernal Blade","Feed","Armaments+1","Double Tap","Flex","Inflame","Battle Trance","Intimidate","Pummel","Sword Boomerang","Body Slam","Pommel Strike","Sword Boomerang","Iron Wave","Ghostly Armor","Heavy Blade","Battle Trance","Shrug It Off+1","Bludgeon","Dark Shackles","Master of Strategy","Flash of Steel","Madness","Madness"],"max_hp_per_floor":[75,75,75,75,75,75,75,75,82,82,82,82,82,85,85,89,89,89,89,92,92,92,92,92,92,92,95,95,98,98,98,98,98,98,98,98,98,86,86,86,86,86,86,86,86,86,86,86,86,86],"relics":["Burning Blood","Vajra","Anchor","Strawberry","Bottled Tornado","Juzu Bracelet","Velvet Choker","Lantern","Shovel","Frozen Egg 2","Omamori","Bottled Lightning","Charon\u0027s Ashes","Shuriken","Sundial","Pandora\u0027s Box","Ornamental Fan","Dream Catcher","Unceasing Top","Tiny Chest","Red Skull","Kunai"],"card_choices":[{"not_picked":["Impervious","Sever Soul"],"picked":"Iron Wave","floor":1},{"not_picked":["Shockwave","Headbutt"],"picked":"True Grit","floor":2},{"not_picked":["Iron Wave","Bloodletting"],"picked":"Cleave","floor":6},{"not_picked":["Cleave","Twin Strike"],"picked":"Inflame","floor":10},{"not_picked":["Evolve","Twin Strike"],"picked":"Infernal Blade","floor":11},{"not_picked":["Sword Boomerang","Clothesline"],"picked":"Feed","floor":12},{"not_picked":["Uppercut","Ghostly Armor"],"picked":"Armaments","floor":14},{"not_picked":["Berserk","Juggernaut"],"picked":"Double Tap","floor":16},{"not_picked":["Perfected Strike","Bloodletting"],"picked":"Flex","floor":18},{"not_picked":["Flex","Pommel Strike"],"picked":"Inflame","floor":20},{"not_picked":["Body Slam","Twin Strike"],"picked":"Intimidate","floor":23},{"not_picked":["Havoc","Headbutt"],"picked":"Pummel","floor":27},{"not_picked":["Juggernaut","Uppercut"],"picked":"Reaper","floor":29},{"not_picked":["Wild Strike","Rage"],"picked":"Shrug It Off","floor":35},{"not_picked":["Bloodletting","Searing Blow"],"picked":"Bludgeon","floor":44},{"not_picked":["Mind Blast","Thinking Ahead"],"picked":"Dark Shackles","floor":45},{"not_picked":["Deep Breath","Swift Strike"],"picked":"Master of Strategy","floor":45},{"not_picked":["Good Instincts","Secret Technique"],"picked":"Flash of Steel","floor":45}],"player_experience":336503,"potions_floor_usage":[6,8,10,12,18,23,36,44,50],"damage_taken":[{"damage":1,"enemies":"Cultist","floor":1,"turns":3},{"damage":4,"enemies":"Small Slimes","floor":2,"turns":4},{"damage":7,"enemies":"Jaw Worm","floor":3,"turns":3},{"damage":34,"enemies":"Lagavulin","floor":6,"turns":9},{"damage":17,"enemies":"Gremlin Nob","floor":8,"turns":4},{"damage":19,"enemies":"Large Slime","floor":10,"turns":7},{"damage":9,"enemies":"Red Slaver","floor":11,"turns":5},{"damage":10,"enemies":"3 Sentries","floor":12,"turns":7},{"damage":22,"enemies":"Lagavulin","floor":14,"turns":8},{"damage":57,"enemies":"Slime Boss","floor":16,"turns":15},{"damage":12,"enemies":"2 Thieves","floor":18,"turns":3},{"damage":1,"enemies":"Chosen","floor":20,"turns":6},{"damage":21,"enemies":"Snake Plant","floor":22,"turns":3},{"damage":24,"enemies":"Book of Stabbing","floor":23,"turns":5},{"damage":15,"enemies":"3 Cultists","floor":27,"turns":5},{"damage":24,"enemies":"Slavers","floor":29,"turns":5},{"damage":64,"enemies":"Collector","floor":33,"turns":10},{"damage":0,"enemies":"Orb Walker","floor":35,"turns":2},{"damage":59,"enemies":"3 Darklings","floor":36,"turns":5},{"damage":5,"enemies":"4 Shapes","floor":41,"turns":3},{"damage":27,"enemies":"Giant Head","floor":44,"turns":6},{"damage":69,"enemies":"Time Eater","floor":50,"turns":6}],"event_choices":[{"event_name":"Transmorgrifier","player_choice":"Transform","floor":4,"damage_taken":0},{"event_name":"The Library","player_choice":"Heal","floor":25,"damage_taken":0},{"event_name":"Drug Dealer","player_choice":"Ignored","floor":28,"damage_taken":0},{"event_name":"Upgrade Shrine","player_choice":"Upgraded","floor":37,"damage_taken":0},{"event_name":"The Moai Head","player_choice":"Heal","floor":38,"damage_taken":0},{"event_name":"SensoryStone","player_choice":"Memory 3","floor":45,"damage_taken":0},{"event_name":"Winding Halls","player_choice":"Embrace Madness","floor":47,"damage_taken":0}],"boss_relics":[{"not_picked":["Runic Cube","Eternal Feather"],"picked":"Velvet Choker"},{"not_picked":["Lizard Tail","Cursed Key"],"picked":"Pandora\u0027s Box"}],"potions_floor_spawned":[1,2,6,16,18,29,33,36],"seed_played":"-6524956800822125989","killed_by":"Time Eater","ascension_level":14,"is_trial":false}