{"path_per_floor":["M","M","M","M","M","R","M","$","T","R","M","R","M","$","R","B",null,"M","M","$","?","?","R","?"],"character_chosen":"IRONCLAD","items_purchased":["Barricade"],"gold_per_floor":[112,132,148,164,174,174,194,119,173,173,186,186,206,49,49,147,147,161,143,143,143,193,193,193,193],"floor_reached":25,"campfire_rested":0,"playtime":1130,"current_hp_per_floor":[76,77,77,77,72,72,74,74,81,81,74,74,77,77,77,59,80,74,50,50,50,50,50,50,0],"items_purged":["Strike_R"],"gold":193,"score":302,"play_id":"9e1c6987-b765-4ea4-b601-273eaab9a315","local_time":"20180330002954","is_prod":false,"is_daily":false,"is_ascension_mode":true,"campfire_upgraded":5,"timestamp":1522384194,"path_taken":["M","M","M","M","M","R","M","$","T","R","M","R","M","$","R","BOSS","M","M","$","?","?","R","?","M"],"build_version":"2018-03-29","purchased_purges":2,"victory":false,"master_deck":["Bash","AscendersBane","Metallicize+1","Shrug It Off","Infernal Blade","Body Slam+1","True Grit+1","Cleave","Barricade+1","Pommel Strike","Sword Boomerang","Iron Wave","Thunderclap","Pommel Strike","Wild Strike","Shrug It Off","Cleave","Entrench+1","Writhe"],"max_hp_per_floor":[80,80,80,80,80,80,80,80,87,87,87,87,87,87,87,87,87,87,87,87,87,87,87,87,87],"relics":["Burning Blood","Strawberry","Pandora\u0027s Box","Lantern"],"card_choices":[{"not_picked":["True Grit","Double Tap"],"picked":"Metallicize","floor":1},{"not_picked":["Evolve","Rupture"],"picked":"Shrug It Off","floor":2},{"not_picked":["Evolve","Intimidate"],"picked":"Infernal Blade","floor":4},{"not_picked":["Clash","Second Wind"],"picked":"Body Slam","floor":5},{"not_picked":["Pommel Strike","Dropkick"],"picked":"True Grit","floor":7},{"not_picked":["Sword Boomerang","Rage"],"picked":"Cleave","floor":11},{"not_picked":["Second Wind","Spot Weakness"],"picked":"Entrench","floor":18}],"player_experience":467929,"potions_floor_usage":[25,25,25],"damage_taken":[{"damage":2,"enemies":"2 Louse","floor":1,"turns":6},{"damage":5,"enemies":"Jaw Worm","floor":2,"turns":5},{"damage":6,"enemies":"Cultist","floor":3,"turns":5},{"damage":6,"enemies":"3 Louse","floor":4,"turns":6},{"damage":11,"enemies":"2 Fungi Beasts","floor":5,"turns":5},{"damage":4,"enemies":"Looter","floor":7,"turns":4},{"damage":13,"enemies":"Exordium Wildlife","floor":11,"turns":8},{"damage":3,"enemies":"Blue Slaver","floor":13,"turns":6},{"damage":24,"enemies":"Slime Boss","floor":16,"turns":13},{"damage":12,"enemies":"3 Byrds","floor":18,"turns":7},{"damage":30,"enemies":"2 Thieves","floor":19,"turns":4},{"damage":65,"enemies":"Chosen and Byrds","floor":25,"turns":8}],"event_choices":[{"event_name":"The Mausoleum","player_choice":"Yes","floor":21,"damage_taken":0},{"event_name":"The Joust","player_choice":"Bet on Murderer","floor":22,"damage_taken":0},{"event_name":"Ghosts","player_choice":"Ignored","floor":24,"damage_taken":0}],"boss_relics":[{"not_picked":["Ectoplasm","Lizard Tail"],"picked":"Pandora\u0027s Box"}],"potions_floor_spawned":[2,3,4,11],"seed_played":"6198809395257861917","killed_by":"Chosen and Byrds","ascension_level":11,"is_trial":false}