{"path_per_floor":["M","M","$","?","M","R","E","R","T","?","?","R","M","M","R","B",null,"M","$","M","M"],"character_chosen":"IRONCLAD","items_purchased":["Clash","Metallicize","Heavy Blade","Regen Potion"],"gold_per_floor":[117,129,28,28,40,40,74,74,74,74,74,74,86,103,103,179,179,190,43,58,78,78],"floor_reached":22,"campfire_rested":2,"playtime":607,"current_hp_per_floor":[63,63,63,63,63,63,48,48,48,48,23,45,45,21,43,43,67,52,52,37,5,0],"items_purged":["Strike_R"],"gold":78,"score":401,"play_id":"85461f2a-26a9-4278-9b3c-61192899e5ff","local_time":"20180404190035","is_prod":false,"is_daily":false,"is_ascension_mode":true,"campfire_upgraded":2,"timestamp":1522886435,"path_taken":["M","M","$","?","M","R","E","R","T","?","?","R","?","M","R","BOSS","M","$","M","M","M"],"build_version":"2018-03-29v2","purchased_purges":4,"victory":false,"master_deck":["Strike_R","Strike_R","Strike_R","Strike_R","Defend_R","Defend_R","Defend_R","Bash","AscendersBane","Shrug It Off","Flame Barrier+1","Clash","Thunderclap","Spot Weakness+1","Demon Form","Seeing Red","Disarm","Feed","Clash","Metallicize","Heavy Blade","Sword Boomerang","Heavy Blade+1"],"max_hp_per_floor":[75,75,75,75,75,75,75,75,75,75,75,75,75,75,75,75,75,78,78,78,78,78],"relics":["Velvet Choker","Gremlin Horn","Unceasing Top","Singing Bowl","Runic Dome"],"card_choices":[{"not_picked":["Iron Wave","Perfected Strike"],"picked":"Shrug It Off","floor":1},{"not_picked":["Warcry","Second Wind"],"picked":"Flame Barrier","floor":2},{"not_picked":["Pommel Strike","Feel No Pain"],"picked":"Thunderclap","floor":5},{"not_picked":["Cleave","Inflame"],"picked":"Spot Weakness","floor":7},{"not_picked":["Thunderclap","Combust"],"picked":"Seeing Red","floor":13},{"not_picked":["Heavy Blade","Corruption"],"picked":"Disarm","floor":14},{"not_picked":["Dark Embrace","Impervious"],"picked":"Feed","floor":16},{"not_picked":["Flex","Evolve"],"picked":"Clash","floor":18},{"not_picked":["True Grit","Body Slam"],"picked":"Sword Boomerang","floor":20},{"not_picked":["Searing Blow","Infernal Blade"],"picked":"Heavy Blade","floor":21}],"player_experience":412901,"potions_floor_usage":[16,18,21],"damage_taken":[{"damage":5,"enemies":"Small Slimes","floor":1,"turns":3},{"damage":0,"enemies":"Cultist","floor":2,"turns":3},{"damage":0,"enemies":"Jaw Worm","floor":5,"turns":2},{"damage":15,"enemies":"Lagavulin","floor":7,"turns":7},{"damage":0,"enemies":"Large Slime","floor":13,"turns":4},{"damage":24,"enemies":"Exordium Thugs","floor":14,"turns":4},{"damage":0,"enemies":"Hexaghost","floor":16,"turns":7},{"damage":18,"enemies":"2 Thieves","floor":18,"turns":4},{"damage":15,"enemies":"Shell Parasite","floor":20,"turns":3},{"damage":38,"enemies":"Centurion and Healer","floor":21,"turns":4},{"damage":7,"enemies":"3 Cultists","floor":22,"turns":2}],"event_choices":[{"event_name":"Bonfire Elementals","player_choice":"BASIC","floor":4,"damage_taken":0},{"event_name":"Match and Keep!","player_choice":"1 cards matched","floor":10,"damage_taken":0},{"event_name":"Scrap Ooze","player_choice":"success","floor":11,"damage_taken":25}],"boss_relics":[{"not_picked":["Snecko Eye","Mark of Pain"],"picked":"Runic Dome"}],"potions_floor_spawned":[5,7,13,18,21],"seed_played":"2096991620723724702","killed_by":"3 Cultists","ascension_level":14,"is_trial":false}