{"path_per_floor":["M","?","?","M","?","E","M","M","T","R","$","R","$","M","R","B",null,"M","$","?","?","$","R","$","R","T","M","M","$","M","M","R"],"character_chosen":"IRONCLAD","items_purchased":["Happy Flower","Body Slam"],"gold_per_floor":[110,110,110,131,131,172,187,207,230,230,1,1,1,17,17,141,141,154,54,54,54,9,9,9,9,9,34,47,47,68,86,86,86],"floor_reached":33,"campfire_rested":1,"playtime":861,"current_hp_per_floor":[78,83,62,68,43,49,50,56,56,56,56,56,56,57,57,14,67,73,73,73,73,73,73,73,73,73,74,72,72,45,43,68,0],"items_purged":["Strike_R","Strike_R"],"gold":86,"score":419,"play_id":"d576633e-2184-4d23-95b1-e78b8ae0a9a9","local_time":"20180329194253","is_prod":false,"is_daily":false,"is_ascension_mode":true,"campfire_upgraded":5,"timestamp":1522366973,"path_taken":["M","?","?","M","?","E","M","M","T","R","$","R","$","M","R","BOSS","M","$","?","?","?","R","?","R","T","M","?","$","M","M","R","BOSS"],"build_version":"2018-03-22v2","purchased_purges":2,"victory":false,"master_deck":["Strike_R","Strike_R","Strike_R","Defend_R","Defend_R","Defend_R","Defend_R","Bash","AscendersBane","Uppercut+1","Heavy Blade","Whirlwind+1","True Grit+1","Headbutt","Impervious","Flex+1","Body Slam+1","Thunderclap","Dropkick+1","Shrug It Off"],"max_hp_per_floor":[80,85,85,85,85,85,85,85,85,85,85,85,85,85,85,85,85,85,85,85,85,85,85,85,85,85,85,85,85,85,85,85,85],"relics":["Burning Blood","NeowsBlessing","Golden Idol","Mummified Hand","Dream Catcher","Bag of Preparation","Happy Flower","Velvet Choker","Orichalcum"],"card_choices":[{"not_picked":["Immolate","Entrench"],"picked":"Uppercut","floor":1},{"not_picked":["Infernal Blade","Rage"],"picked":"Heavy Blade","floor":6},{"not_picked":["Bloodletting","Metallicize"],"picked":"Whirlwind","floor":7},{"not_picked":["Clash","Uppercut"],"picked":"True Grit","floor":8},{"not_picked":["True Grit","Rage"],"picked":"Headbutt","floor":14},{"not_picked":["Berserk","Immolate"],"picked":"Impervious","floor":16},{"not_picked":["Headbutt","Pommel Strike"],"picked":"Flex","floor":18},{"not_picked":["Cleave","Warcry"],"picked":"Thunderclap","floor":27},{"not_picked":["True Grit","Immolate"],"picked":"Dropkick","floor":31},{"not_picked":["Dropkick","Twin Strike"],"picked":"Shrug It Off","floor":32}],"player_experience":465120,"potions_floor_usage":[16,30,30,30],"damage_taken":[{"damage":0,"enemies":"Cultist","floor":1,"turns":1},{"damage":0,"enemies":"Small Slimes","floor":4,"turns":1},{"damage":0,"enemies":"Lagavulin","floor":6,"turns":1},{"damage":5,"enemies":"2 Louse","floor":7,"turns":4},{"damage":0,"enemies":"Lots of Slimes","floor":8,"turns":1},{"damage":5,"enemies":"2 Fungi Beasts","floor":14,"turns":3},{"damage":49,"enemies":"The Guardian","floor":16,"turns":15},{"damage":0,"enemies":"Chosen","floor":18,"turns":4},{"damage":5,"enemies":"2 Thieves","floor":27,"turns":2},{"damage":8,"enemies":"Cultist and Chosen","floor":28,"turns":4},{"damage":39,"enemies":"Sentry and Sphere","floor":30,"turns":7},{"damage":8,"enemies":"Snecko","floor":31,"turns":4},{"damage":74,"enemies":"Collector","floor":33,"turns":6}],"event_choices":[{"event_name":"Big Fish","player_choice":"Donut","floor":2,"damage_taken":0},{"event_name":"Golden Idol","player_choice":"Take Damage","floor":3,"damage_taken":0},{"event_name":"Scrap Ooze","player_choice":"success","floor":5,"damage_taken":25},{"event_name":"Addict","player_choice":"Ignored","floor":20,"damage_taken":0},{"event_name":"The Woman in Blue","player_choice":"Bought 0 Potions","floor":21,"damage_taken":0}],"boss_relics":[{"not_picked":["White Beast Statue","Tiny House"],"picked":"Velvet Choker"}],"potions_floor_spawned":[1,4,16,18,27,31],"seed_played":"-2021043352878798626","killed_by":"Collector","ascension_level":11,"is_trial":false}