{"path_per_floor":["M","$","M","?","M","R","E","M","T","?","E","?","R","M","R","B",null,"M","?","M","?","$","R","E","M","T","M","R","$","?","M","R","B",null,"M","M","$","?","$","E","R","E","T","R","?","M","$","?","R","B"],"character_chosen":"IRONCLAD","items_purchased":["Singing Bowl","Dropkick","Whirlwind","Bloodletting","Spot Weakness"],"gold_per_floor":[114,39,58,58,74,74,107,121,170,170,204,204,204,224,224,324,324,338,253,266,266,22,22,53,71,71,84,84,50,50,68,68,164,164,178,190,44,44,44,78,78,105,105,105,105,117,40,40,40,40],"floor_reached":51,"campfire_rested":6,"playtime":1836,"current_hp_per_floor":[78,78,76,76,76,76,49,48,48,48,35,35,59,59,59,59,80,65,65,51,35,35,59,30,10,10,12,37,37,37,57,57,49,60,51,28,28,20,20,9,42,27,27,60,60,24,24,24,58,31],"items_purged":["Defend_R","Strike_R"],"gold":40,"score":917,"play_id":"043ebee6-d52a-4e15-8d2c-231f7677120b","local_time":"20180402211124","is_prod":false,"is_daily":false,"is_ascension_mode":true,"campfire_upgraded":2,"timestamp":1522717884,"path_taken":["M","$","M","?","M","R","E","M","T","?","E","?","R","M","R","BOSS","M","?","M","?","$","R","E","M","T","M","R","$","?","M","R","BOSS","M","M","$","?","$","E","R","E","T","R","?","M","?","?","R","BOSS"],"build_version":"2018-03-29v2","purchased_purges":2,"victory":true,"master_deck":["Defend_R","Defend_R","Bash","Armaments+1","Double Tap+1","Rampage","Thunderclap","Dropkick","Battle Trance","Limit Break","Flex","Iron Wave","Flex","Dropkick","Bite","Bite","Bite","Bite","Bite","Berserk+1","Shockwave+1","Rage+1","Whirlwind","Bloodletting","Madness","Madness","Impervious","Whirlwind","Spot Weakness","Intimidate","Heavy Blade"],"max_hp_per_floor":[80,80,80,80,80,80,80,80,80,80,80,80,80,80,80,80,80,80,80,80,80,80,80,80,82,82,84,84,84,58,60,60,60,60,60,60,60,60,60,60,60,62,62,62,62,64,64,64,64,64],"relics":["Velvet Choker","Frozen Egg 2","Oddly Smooth Stone","Juzu Bracelet","Black Star","Shuriken","Enchiridion","Singing Bowl","Pen Nib","Orichalcum","Girya","Sozu","Bronze Scales","Regal Pillow","Ancient Tea Set","Dream Catcher","Thread and Needle"],"card_choices":[{"not_picked":["Twin Strike","Pommel Strike"],"picked":"Armaments","floor":1},{"not_picked":["Flex","Clothesline"],"picked":"Double Tap","floor":7},{"not_picked":["Heavy Blade","Body Slam"],"picked":"Rampage","floor":8},{"not_picked":["True Grit","Heavy Blade"],"picked":"Thunderclap","floor":11},{"not_picked":["Shrug It Off","Rage"],"picked":"Battle Trance","floor":14},{"not_picked":["Berserk","Brutality"],"picked":"Limit Break","floor":16},{"not_picked":["Body Slam","Rage"],"picked":"Flex","floor":18},{"not_picked":["Clothesline","Sword Boomerang"],"picked":"Iron Wave","floor":20},{"not_picked":["Clothesline","Wild Strike"],"picked":"Flex","floor":24},{"not_picked":["Fiend Fire","Barricade"],"picked":"Berserk","floor":33},{"not_picked":["Iron Wave","Headbutt"],"picked":"Shockwave","floor":35},{"not_picked":["Twin Strike","Bloodletting"],"picked":"Rage","floor":36},{"not_picked":["Cleave","Hemokinesis"],"picked":"Impervious","floor":40},{"not_picked":["Power Through","Clothesline"],"picked":"Whirlwind","floor":44},{"not_picked":["True Grit","Wild Strike"],"picked":"Heavy Blade","floor":49}],"player_experience":187907,"potions_floor_usage":[11,14,14,24,31,36],"damage_taken":[{"damage":2,"enemies":"2 Louse","floor":1,"turns":2},{"damage":2,"enemies":"Jaw Worm","floor":3,"turns":3},{"damage":0,"enemies":"Small Slimes","floor":5,"turns":3},{"damage":27,"enemies":"3 Sentries","floor":7,"turns":9},{"damage":1,"enemies":"3 Louse","floor":8,"turns":5},{"damage":13,"enemies":"Gremlin Nob","floor":11,"turns":3},{"damage":0,"enemies":"Gremlin Gang","floor":14,"turns":2},{"damage":0,"enemies":"Slime Boss","floor":16,"turns":6},{"damage":15,"enemies":"3 Byrds","floor":18,"turns":5},{"damage":14,"enemies":"Spheric Guardian","floor":20,"turns":4},{"damage":29,"enemies":"Book of Stabbing","floor":24,"turns":4},{"damage":22,"enemies":"Snake Plant","floor":25,"turns":3},{"damage":0,"enemies":"Cultist and Chosen","floor":27,"turns":5},{"damage":0,"enemies":"3 Cultists","floor":31,"turns":4},{"damage":32,"enemies":"Champ","floor":33,"turns":7},{"damage":15,"enemies":"3 Shapes","floor":35,"turns":3},{"damage":31,"enemies":"3 Darklings","floor":36,"turns":4},{"damage":25,"enemies":"Giant Head","floor":40,"turns":6},{"damage":21,"enemies":"2 Orb Walkers","floor":42,"turns":3},{"damage":46,"enemies":"Sphere and 2 Shapes","floor":46,"turns":6},{"damage":31,"enemies":"Donu and Deca","floor":50,"turns":5}],"event_choices":[{"event_name":"Living Wall","player_choice":"Forget","floor":4,"damage_taken":0},{"event_name":"Liars Game","player_choice":"disagreed","floor":10,"damage_taken":0},{"event_name":"Transmorgrifier","player_choice":"Transform","floor":12,"damage_taken":0},{"event_name":"Addict","player_choice":"Obtained Relic","floor":19,"damage_taken":0},{"event_name":"Cursed Tome","player_choice":"Obtained Book","floor":21,"damage_taken":0},{"event_name":"Vampires","player_choice":"Became a vampire","floor":30,"damage_taken":0},{"event_name":"Winding Halls","player_choice":"Embrace Madness","floor":38,"damage_taken":0},{"event_name":"The Woman in Blue","player_choice":"Bought 0 Potions","floor":45,"damage_taken":0},{"event_name":"Transmorgrifier","player_choice":"Transform","floor":48,"damage_taken":0}],"boss_relics":[{"not_picked":["Tiny House","Runic Cube"],"picked":"Black Star"},{"not_picked":["Eternal Feather","Philosopher\u0027s Stone"],"picked":"Sozu"}],"potions_floor_spawned":[7,8,11,20,27,33,36,40],"seed_played":"2768741035509716014","ascension_level":3,"is_trial":false}