{"path_per_floor":["M","?","?","M","$","R","M","E","T","R","M","R","$","E","R","B",null,"M","$","?","M","M","R","M","M","T","R","?","?","E","$","R","B",null,"M","M","T","$","M","R","M","E","T","R","M","R","T","M","R","B"],"character_chosen":"IRONCLAD","items_purchased":["Thunderclap","Deep Breath","Thread and Needle","Spot Weakness","Dropkick","Reaper"],"gold_per_floor":[119,294,294,307,87,87,102,433,463,463,479,479,53,93,93,214,214,230,36,36,50,66,66,85,106,106,106,106,6,35,35,35,138,138,157,168,168,4,16,16,35,68,68,68,85,85,85,99,99,99],"floor_reached":51,"campfire_rested":2,"playtime":1728,"current_hp_per_floor":[40,40,40,46,46,46,42,12,12,34,26,26,26,23,45,9,74,71,71,55,57,56,56,57,52,52,52,52,52,38,38,38,42,74,74,55,55,55,74,74,72,39,39,39,74,74,74,74,74,39],"items_purged":["Doubt","Strike_R","Strike_R"],"gold":99,"score":780,"play_id":"8a98509f-240b-4ed6-a5bb-9dd77df6694f","local_time":"20180330143707","is_prod":false,"is_daily":false,"is_ascension_mode":false,"campfire_upgraded":6,"timestamp":1522442227,"path_taken":["M","?","?","M","$","R","M","E","T","R","M","R","$","E","R","BOSS","M","$","?","M","M","R","M","M","T","R","?","?","E","$","R","BOSS","M","M","?","$","M","R","M","E","T","R","M","R","?","M","R","BOSS"],"build_version":"2018-03-29v2","purchased_purges":3,"victory":true,"master_deck":["Defend_R","Defend_R","Bash+1","Headbutt","Thunderclap","Deep Breath+1","Dropkick","Spot Weakness+1","Offering+1","Inflame+1","Burning Pact+1","Flex+1","Dropkick","Double Tap+1","J.A.X.+1","Reaper"],"max_hp_per_floor":[80,80,74,74,74,74,74,74,74,74,74,74,74,74,74,74,74,74,74,74,74,74,74,74,74,74,74,74,74,74,74,74,74,74,74,74,74,74,74,74,74,74,74,74,74,74,74,74,74,74],"relics":["Burning Blood","Bloody Idol","Old Coin","Tiny Chest","Thread and Needle","Girya","Astrolabe","Enchiridion","Art of War","Kunai","Velvet Choker","Red Skull","Matryoshka","Vajra","Question Card","Prayer Wheel","Frozen Egg 2"],"card_choices":[{"not_picked":["Dual Wield","Fire Breathing"],"picked":"Headbutt","floor":1.0},{"not_picked":["Twin Strike","Hemokinesis"],"picked":"Dropkick","floor":11.0},{"not_picked":["Dark Embrace","Impervious"],"picked":"Offering","floor":16},{"not_picked":["Seeing Red","Sword Boomerang"],"picked":"Double Tap","floor":22}],"player_experience":596332,"potions_floor_usage":[25,50,50],"damage_taken":[{"damage":6.0,"enemies":"Jaw Worm","floor":1.0,"turns":3.0},{"damage":0.0,"enemies":"2 Louse","floor":4.0,"turns":3.0},{"damage":10.0,"enemies":"Looter","floor":7.0,"turns":3.0},{"damage":36.0,"enemies":"Lagavulin","floor":8.0,"turns":6.0},{"damage":14.0,"enemies":"Blue Slaver","floor":11.0,"turns":3.0},{"damage":9.0,"enemies":"Gremlin Nob","floor":14.0,"turns":3.0},{"damage":42,"enemies":"The Guardian","floor":16,"turns":7},{"damage":9,"enemies":"2 Thieves","floor":18,"turns":2},{"damage":4,"enemies":"Shell Parasite","floor":21,"turns":3},{"damage":7,"enemies":"Cultist and Chosen","floor":22,"turns":4},{"damage":5,"enemies":"Snecko","floor":24,"turns":3},{"damage":11,"enemies":"Slaver and Parasite","floor":25,"turns":2},{"damage":25,"enemies":"Slavers","floor":30,"turns":3},{"damage":7,"enemies":"Collector","floor":33,"turns":2},{"damage":7,"enemies":"3 Shapes","floor":35,"turns":4},{"damage":30,"enemies":"3 Darklings","floor":36,"turns":3},{"damage":18,"enemies":"Sphere and 2 Shapes","floor":39,"turns":3},{"damage":34,"enemies":"Maw","floor":41,"turns":7},{"damage":62,"enemies":"Nemesis","floor":42,"turns":5},{"damage":19,"enemies":"3 Darklings","floor":45,"turns":2},{"damage":17,"enemies":"4 Shapes","floor":48,"turns":3},{"damage":71,"enemies":"Time Eater","floor":50,"turns":6}],"event_choices":[{"event_name":"Liars Game","player_choice":"agreed","floor":2.0,"damage_taken":0.0},{"event_name":"Golden Idol","player_choice":"Lose Max HP","floor":3.0,"damage_taken":0.0},{"event_name":"Cursed Tome","player_choice":"Obtained Book","floor":20,"damage_taken":0},{"event_name":"Forgotten Altar","player_choice":"Gave Idol","floor":28,"damage_taken":0},{"event_name":"Drug Dealer","player_choice":"Got JAXXED","floor":29,"damage_taken":0}],"boss_relics":[{"not_picked":["Black Blood","Eternal Feather"],"picked":"Astrolabe"},{"not_picked":["Runic Cube","Calling Bell"],"picked":"Velvet Choker"}],"potions_floor_spawned":[1,22,24,25,33,39,41,45,48],"seed_played":"-7376633935326062680","ascension_level":0,"is_trial":false}