{"path_per_floor":["M","M","?","?","$","E","$","M","T","R","E","M","R","?","R","B",null,"M","M","?","$","?","R","E","R","T","M","M","M","?","E","R","B",null,"M","$","M","M","T","E","R","M","T","M","M","E","R","E","R","B"],"character_chosen":"IRONCLAD","items_purchased":["Torii","Strawberry","Centennial Puzzle","Battle Trance","Corruption","Warcry","Thunderclap","Wild Strike","Panacea","Thinking Ahead","Ancient Potion","Block Potion","Weak Potion","Dodecahedron","Vajra","Letter Opener","Apotheosis","Bandage Up","Blood for Blood","Pummel","Havoc","Power Through","Metallicize","Dead Branch","Frozen Egg 2","Ginger","Panache","Deep Breath","Flex","Feel No Pain","Toolbox","Pen Nib","Jack Of All Trades","Thinking Ahead","Bird Faced Urn"],"gold_per_floor":[109,126,126,126,647,681,1328,1341,1341,1341,1372,1383,1383,1468,1468,1567,1567,1579,1598,1598,231,131,131,160,160,237,253,270,290,290,320,320,417,417,437,2297,2311,2321,2321,2350,2350,2360,2383,2393,2406,2441,2441,2476,476,476],"floor_reached":51,"campfire_rested":0,"playtime":1649,"current_hp_per_floor":[72,72,72,72,79,70,70,76,76,76,79,79,79,79,79,78,79,79,79,64,64,64,64,61,61,61,56,60,61,61,43,43,48,77,81,81,87,87,87,87,87,85,85,87,87,87,87,87,87,53],"items_purged":["Defend_R","Strike_R","Strike_R","Defend_R"],"gold":476,"score":1423,"play_id":"bf6da097-cebe-4495-94fe-4ba1a63c3462","local_time":"20180403004318","is_prod":false,"is_daily":false,"is_ascension_mode":true,"campfire_upgraded":4,"timestamp":1522730598,"path_taken":["M","M","?","?","?","E","$","M","T","R","E","M","R","?","R","BOSS","M","M","?","$","?","R","E","R","T","M","M","M","?","E","R","BOSS","M","$","M","M","?","E","R","M","T","M","M","E","R","E","R","BOSS"],"build_version":"2018-03-29v2","purchased_purges":4,"victory":true,"master_deck":["Strike_R","Spot Weakness+1","Battle Trance","Thunderclap","Thinking Ahead","Offering","Apotheosis+1","Bandage Up","Rampage+1","Double Tap+1","Double Tap+1","Searing Blow+1","Infernal Blade","Exhume","Panache+1","Deep Breath","Flex","Feel No Pain+1","J.A.X.+1","Burning Pact","Seeing Red","Heavy Blade","Shrug It Off","Limit Break","Jack Of All Trades","Thinking Ahead","Inflame+1","Heavy Blade+1","Shrug It Off+1","Anger+1","True Grit+1","Twin Strike+1","Pommel Strike+1"],"max_hp_per_floor":[72,72,72,72,79,79,79,79,79,79,79,79,79,79,79,79,79,79,79,84,84,84,84,84,84,84,84,84,87,87,87,87,87,87,87,87,87,87,87,87,87,87,87,87,87,87,87,87,87,90],"relics":["Burning Blood","Champion Belt","Vajra","Torii","Strawberry","Centennial Puzzle","Sozu","Self Forming Clay","Dodecahedron","Letter Opener","Ice Cream","Happy Flower","Tiny Chest","Dead Branch","Frozen Egg 2","Ginger","Peace Pipe","Shuriken","Mummified Hand","Runic Cube","Toolbox","Pen Nib","Bird Faced Urn","Bag of Marbles","Paper Frog","Lantern","Ornamental Fan","Blood Vial"],"card_choices":[{"not_picked":["Wild Strike","Headbutt"],"picked":"Carnage","floor":1},{"not_picked":["True Grit","Clothesline"],"picked":"Spot Weakness","floor":2},{"not_picked":["Warcry","Flex"],"picked":"Offering","floor":6},{"not_picked":["Sever Soul","Headbutt"],"picked":"Rampage","floor":8},{"not_picked":["Dual Wield","Armaments"],"picked":"Searing Blow","floor":11},{"not_picked":["Perfected Strike","Bloodletting"],"picked":"Infernal Blade","floor":14},{"not_picked":["Immolate","Double Tap"],"picked":"Exhume","floor":16},{"not_picked":["Body Slam","Cleave"],"picked":"Burning Pact","floor":27},{"not_picked":["Rage","Twin Strike"],"picked":"Seeing Red","floor":28},{"not_picked":["Clash","Thunderclap"],"picked":"Heavy Blade","floor":29},{"not_picked":["True Grit","Evolve"],"picked":"Shrug It Off","floor":31},{"not_picked":["Bludgeon","Dark Embrace"],"picked":"Limit Break","floor":33},{"not_picked":["Body Slam","Iron Wave"],"picked":"Shrug It Off","floor":35},{"not_picked":["Shrug It Off","True Grit"],"picked":"Inflame","floor":37},{"not_picked":["Iron Wave","Armaments"],"picked":"Heavy Blade","floor":38},{"not_picked":["Clash","Dual Wield"],"picked":"Shrug It Off","floor":40},{"not_picked":["Clash","Sword Boomerang"],"picked":"Anger","floor":42},{"not_picked":["Barricade","Reckless Charge"],"picked":"True Grit","floor":45},{"not_picked":["Bloodletting","Thunderclap"],"picked":"Twin Strike","floor":46},{"not_picked":["Thunderclap","Infernal Blade"],"picked":"Pommel Strike","floor":48}],"player_experience":197113,"potions_floor_usage":[24,24,24],"damage_taken":[{"damage":4,"enemies":"Small Slimes","floor":1,"turns":3},{"damage":0,"enemies":"Cultist","floor":2,"turns":3},{"damage":15,"enemies":"Lagavulin","floor":6,"turns":3},{"damage":4,"enemies":"Jaw Worm","floor":8,"turns":1},{"damage":0,"enemies":"Gremlin Nob","floor":11,"turns":2},{"damage":1,"enemies":"Blue Slaver","floor":12,"turns":2},{"damage":4,"enemies":"Lagavulin Event","floor":14,"turns":1},{"damage":7,"enemies":"Hexaghost","floor":16,"turns":3},{"damage":1,"enemies":"Shell Parasite","floor":18,"turns":2},{"damage":2,"enemies":"3 Byrds","floor":19,"turns":2},{"damage":13,"enemies":"Slavers","floor":24,"turns":2},{"damage":15,"enemies":"Centurion and Healer","floor":27,"turns":1},{"damage":8,"enemies":"Snake Plant","floor":28,"turns":1},{"damage":14,"enemies":"Slaver and Parasite","floor":29,"turns":2},{"damage":24,"enemies":"Book of Stabbing","floor":31,"turns":2},{"damage":7,"enemies":"Automaton","floor":33,"turns":3},{"damage":6,"enemies":"Orb Walker","floor":35,"turns":2},{"damage":0,"enemies":"3 Darklings","floor":37,"turns":1},{"damage":7,"enemies":"Maw","floor":38,"turns":2},{"damage":6,"enemies":"Nemesis","floor":40,"turns":1},{"damage":11,"enemies":"4 Shapes","floor":42,"turns":1},{"damage":0,"enemies":"Sphere and 2 Shapes","floor":44,"turns":2},{"damage":0,"enemies":"3 Darklings","floor":45,"turns":1},{"damage":7,"enemies":"Giant Head","floor":46,"turns":2},{"damage":7,"enemies":"2 Orb Walkers","floor":48,"turns":1},{"damage":57,"enemies":"Awakened One","floor":50,"turns":4}],"event_choices":[{"event_name":"Upgrade Shrine","player_choice":"Upgraded","floor":3,"damage_taken":0},{"event_name":"The Lab","player_choice":"Got Potions","floor":4,"damage_taken":0},{"event_name":"Dead Adventurer","player_choice":"Searched \u00272\u0027 times","floor":14,"damage_taken":0},{"event_name":"Forgotten Altar","player_choice":"Shed Blood","floor":20,"damage_taken":0},{"event_name":"Drug Dealer","player_choice":"Got JAXXED","floor":22,"damage_taken":0},{"event_name":"Back to Basics","player_choice":"Elegance","floor":30,"damage_taken":0}],"boss_relics":[{"not_picked":["Runic Dome","Ectoplasm"],"picked":"Sozu"},{"not_picked":["Philosopher\u0027s Stone","White Beast Statue"],"picked":"Runic Cube"}],"potions_floor_spawned":[8,11,14,24,27,28,38,44],"seed_played":"-6265031916593644592","ascension_level":6,"is_trial":false}