{"path_per_floor":["M","M","?","M","$","R","E","M","T","M","M","M","M","M","R","B",null,"M","?","M","M","?","R","E","$","T","M","R","M","R","M","R","B",null,"M","$","M","?","?","R","?","E","T","R","E","?","?","M","R","B"],"character_chosen":"IRONCLAD","items_purchased":["Frozen Egg 2","Inflame","Shrug It Off","Flash of Steel","Bottled Tornado"],"gold_per_floor":[216,231,306,322,1,1,32,48,48,59,79,94,111,130,130,203,203,216,216,233,248,248,248,274,150,150,166,166,182,182,198,198,272,272,282,34,50,50,50,50,50,85,111,111,136,136,0,14,14,14],"floor_reached":51,"campfire_rested":5,"playtime":2131,"current_hp_per_floor":[68,54,43,36,36,58,30,11,11,17,22,28,34,40,62,35,65,54,38,19,25,25,47,18,18,18,24,46,27,49,48,48,54,70,75,75,78,78,68,68,68,78,78,78,78,68,68,78,78,78],"items_purged":[],"gold":14,"score":1420,"play_id":"50308dfe-1f0f-4108-95c4-24a2147835e4","local_time":"20180406120340","is_prod":false,"is_daily":false,"is_ascension_mode":true,"campfire_upgraded":0,"timestamp":1523009020,"path_taken":["M","?","?","M","?","R","E","M","T","M","M","M","M","M","R","BOSS","M","?","M","M","?","R","E","$","T","M","R","M","R","M","R","BOSS","M","$","M","?","?","R","?","E","T","R","E","?","?","M","R","BOSS"],"build_version":"2018-04-05v2","purchased_purges":0,"victory":true,"master_deck":["Strike_R","Defend_R+1","Defend_R+1","Defend_R","Defend_R","Bash","AscendersBane","Cleave+1","Pummel","Inflame+1","Inflame+1","Battle Trance","Corruption+1","Clash+1","Limit Break","Whirlwind+1","Spot Weakness+1","Barricade+1","Flame Barrier","Shrug It Off","Flash of Steel","Metallicize+1","Metallicize+1","Reaper","Panache+1","Dark Shackles","Madness","Impervious","Bloodletting","Madness","Madness","Feel No Pain+1"],"max_hp_per_floor":[75,75,75,75,75,75,75,75,75,75,75,75,75,75,75,75,75,75,75,75,75,75,75,75,75,75,75,75,75,75,75,75,75,75,75,75,78,78,78,78,78,78,78,78,78,78,78,78,78,78],"relics":["Burning Blood","Frozen Egg 2","Bag of Preparation","Thread and Needle","Astrolabe","Enchiridion","Vajra","Shovel","Dead Branch","Mark of Pain","Bottled Tornado","Prayer Wheel","Orichalcum","War Paint","Kunai","Whetstone","Red Mask","Pen Nib"],"card_choices":[{"not_picked":["Thunderclap","Havoc"],"picked":"Cleave","floor":1},{"not_picked":["Second Wind","Burning Pact"],"picked":"Pummel","floor":4},{"not_picked":["Fiend Fire","Anger"],"picked":"Inflame","floor":7},{"not_picked":["Sever Soul","Shrug It Off"],"picked":"Battle Trance","floor":10},{"not_picked":["Power Through","Bloodletting"],"picked":"Corruption","floor":12},{"not_picked":["Perfected Strike","Infernal Blade"],"picked":"Clash","floor":13},{"not_picked":["True Grit","Sword Boomerang"],"picked":"Clash","floor":14},{"not_picked":["Juggernaut","Immolate"],"picked":"Limit Break","floor":16},{"not_picked":["Perfected Strike","Reckless Charge"],"picked":"Flame Barrier","floor":24},{"not_picked":["Inflame","Cleave"],"picked":"Metallicize","floor":27},{"not_picked":["Armaments","Entrench"],"picked":"Metallicize","floor":29},{"not_picked":["Double Tap","Immolate"],"picked":"Reaper","floor":33},{"not_picked":["Bandage Up","Deep Breath"],"picked":"Panache","floor":39},{"not_picked":["Panacea","Transmutation"],"picked":"Dark Shackles","floor":39},{"not_picked":["Secret Weapon","Swift Strike"],"picked":"Madness","floor":39},{"not_picked":["True Grit","Bludgeon"],"picked":"Impervious","floor":42},{"not_picked":["Perfected Strike","Heavy Blade"],"picked":"Bloodletting","floor":43},{"not_picked":["Body Slam","Searing Blow"],"picked":"Feel No Pain","floor":48}],"player_experience":341168,"potions_floor_usage":[7,11,14,18,18,20,21,24,33,42,45,50,50,50],"damage_taken":[{"damage":6,"enemies":"Cultist","floor":1,"turns":4},{"damage":20,"enemies":"Small Slimes","floor":2,"turns":5},{"damage":13,"enemies":"Jaw Worm","floor":4,"turns":4},{"damage":34,"enemies":"Lagavulin","floor":7,"turns":6},{"damage":25,"enemies":"Exordium Wildlife","floor":8,"turns":4},{"damage":0,"enemies":"Exordium Thugs","floor":10,"turns":3},{"damage":1,"enemies":"Looter","floor":11,"turns":2},{"damage":0,"enemies":"2 Fungi Beasts","floor":12,"turns":3},{"damage":0,"enemies":"Blue Slaver","floor":13,"turns":3},{"damage":0,"enemies":"Looter","floor":14,"turns":3},{"damage":33,"enemies":"The Guardian","floor":16,"turns":8},{"damage":17,"enemies":"Chosen","floor":18,"turns":6},{"damage":25,"enemies":"2 Thieves","floor":20,"turns":4},{"damage":0,"enemies":"Centurion and Healer","floor":21,"turns":3},{"damage":35,"enemies":"Slavers","floor":24,"turns":4},{"damage":0,"enemies":"Chosen and Byrds","floor":27,"turns":3},{"damage":25,"enemies":"Cultist and Chosen","floor":29,"turns":7},{"damage":7,"enemies":"Centurion and Healer","floor":31,"turns":4},{"damage":0,"enemies":"Collector","floor":33,"turns":8},{"damage":0,"enemies":"3 Darklings","floor":35,"turns":3},{"damage":4,"enemies":"3 Shapes","floor":37,"turns":1},{"damage":0,"enemies":"Nemesis","floor":42,"turns":3},{"damage":3,"enemies":"2 Orb Walkers","floor":45,"turns":2},{"damage":3,"enemies":"Maw","floor":48,"turns":4},{"damage":8,"enemies":"Awakened One","floor":50,"turns":5}],"event_choices":[{"event_name":"World of Goop","player_choice":"Gather Gold","floor":3,"damage_taken":0},{"event_name":"Cursed Tome","player_choice":"Obtained Book","floor":19,"damage_taken":0},{"event_name":"Back to Basics","player_choice":"Elegance","floor":22,"damage_taken":0},{"event_name":"The Lab","player_choice":"Got Potions","floor":38,"damage_taken":0},{"event_name":"SensoryStone","player_choice":"Memory 3","floor":39,"damage_taken":0},{"event_name":"Winding Halls","player_choice":"Embrace Madness","floor":46,"damage_taken":0},{"event_name":"Tomb of Lord Red Mask","player_choice":"Paid","floor":47,"damage_taken":0}],"boss_relics":[{"not_picked":["Pandora\u0027s Box","Orrery"],"picked":"Astrolabe"},{"not_picked":["Runic Pyramid","Eternal Feather"],"picked":"Mark of Pain"}],"potions_floor_spawned":[4,8,11,13,14,16,18,21,29,33,37,42,48],"seed_played":"6891371695693905575","ascension_level":14,"is_trial":false}