{"path_per_floor":["M","M","?","M","M","E","R","$","T","R","?","M","M","M","R","B",null,"M","?","M","$","M","R","M","R","T","M"],"character_chosen":"IRONCLAD","items_purchased":["Limit Break","Anchor","Iron Wave"],"gold_per_floor":[118,132,132,149,163,196,196,52,78,78,108,126,146,158,158,260,260,278,278,293,18,34,34,49,49,76,88,88],"floor_reached":28,"campfire_rested":1,"playtime":1092,"current_hp_per_floor":[69,64,64,60,56,31,31,31,31,55,55,44,50,53,53,18,65,47,80,59,59,49,49,44,44,44,12,0],"items_purged":["Strike_R"],"gold":88,"score":347,"play_id":"4c7dfd94-775f-4c0a-9230-0b4fc7a2b1ba","local_time":"20180416113100","is_prod":false,"is_daily":false,"chose_seed":false,"is_ascension_mode":true,"campfire_upgraded":4,"timestamp":1523892660,"path_taken":["M","M","?","M","M","E","R","$","T","R","?","M","M","M","R","BOSS","M","?","M","?","M","R","M","R","T","M","M"],"build_version":"2018-04-12","seed_source_timestamp":2883622198931766,"purchased_purges":1,"victory":false,"master_deck":["Strike_R","Strike_R","Strike_R","Strike_R","Defend_R","Defend_R","Defend_R","Defend_R","Bash","AscendersBane","Disarm+1","Heavy Blade","Shrug It Off","True Grit+1","Limit Break+1","Pummel","Uppercut","Flex","Offering","Heavy Blade+1","Iron Wave","Disarm+1"],"max_hp_per_floor":[80,80,80,80,80,80,80,80,80,80,80,80,80,80,80,80,80,80,80,80,80,80,80,80,80,80,80,80],"relics":["Burning Blood","Bronze Scales","Gambling Chip","Vajra","Tiny Chest","White Beast Statue","Anchor","Lantern"],"card_choices":[{"not_picked":["Spot Weakness","Uppercut"],"picked":"Disarm","floor":1},{"not_picked":["Headbutt","Flex"],"picked":"Heavy Blade","floor":2},{"not_picked":["Flex","True Grit"],"picked":"Shrug It Off","floor":4},{"not_picked":["Perfected Strike","Reckless Charge"],"picked":"True Grit","floor":5},{"not_picked":["Thunderclap","Fiend Fire"],"picked":"Pummel","floor":12},{"not_picked":["Evolve","Havoc"],"picked":"Uppercut","floor":13},{"not_picked":["Rampage","Evolve"],"picked":"Flex","floor":14},{"not_picked":["Dark Embrace","Feed"],"picked":"Offering","floor":16},{"not_picked":["Reckless Charge","Dual Wield"],"picked":"Rupture","floor":18},{"not_picked":["Dropkick","Perfected Strike"],"picked":"Heavy Blade","floor":20},{"not_picked":["Cleave","Bloodletting"],"picked":"Disarm","floor":24}],"player_experience":541726,"potions_floor_usage":[16,18,20],"damage_taken":[{"damage":9,"enemies":"Jaw Worm","floor":1,"turns":4},{"damage":11,"enemies":"2 Louse","floor":2,"turns":3},{"damage":10,"enemies":"Small Slimes","floor":4,"turns":3},{"damage":10,"enemies":"2 Fungi Beasts","floor":5,"turns":4},{"damage":31,"enemies":"3 Sentries","floor":6,"turns":7},{"damage":17,"enemies":"Exordium Wildlife","floor":12,"turns":5},{"damage":0,"enemies":"Red Slaver","floor":13,"turns":4},{"damage":3,"enemies":"Blue Slaver","floor":14,"turns":5},{"damage":41,"enemies":"Hexaghost","floor":16,"turns":10},{"damage":24,"enemies":"Shell Parasite","floor":18,"turns":4},{"damage":27,"enemies":"Chosen","floor":20,"turns":8},{"damage":16,"enemies":"Snake Plant","floor":22,"turns":6},{"damage":11,"enemies":"Centurion and Healer","floor":24,"turns":6},{"damage":38,"enemies":"3 Cultists","floor":27,"turns":6},{"damage":16,"enemies":"Chosen and Byrds","floor":28,"turns":2}],"event_choices":[{"event_name":"Golden Idol","player_choice":"Ignored","floor":3,"damage_taken":0},{"event_name":"Dead Adventurer","player_choice":"Searched \u00271\u0027 times","floor":11,"damage_taken":0},{"event_name":"Bonfire Elementals","player_choice":"UNCOMMON","floor":19,"damage_taken":0}],"boss_relics":[{"not_picked":["Tiny House","Black Star"],"picked":"White Beast Statue"}],"potions_floor_spawned":[1,2,6,13,18,20,22,24,27],"seed_played":"-42394535930840106","killed_by":"Chosen and Byrds","ascension_level":11,"is_trial":false}