{"path_per_floor":["M","?","$","M","$","R","E","M","T","R","E","R","?","M","R","B",null,"M","?","?","M","M","R"],"character_chosen":"IRONCLAD","items_purchased":[],"gold_per_floor":[16,91,16,32,32,32,57,75,75,75,108,108,171,189,189,266,266,254,234,234,246,258,258,258],"floor_reached":24,"campfire_rested":3,"playtime":850,"current_hp_per_floor":[67,56,56,48,48,48,39,44,44,44,10,32,14,18,40,26,70,51,51,51,51,9,33,0],"items_purged":["Strike_R"],"gold":258,"score":357,"play_id":"07f51f14-98f8-49ba-90ab-41c38f43fbce","local_time":"20180416225559","is_prod":false,"is_daily":false,"chose_seed":false,"is_ascension_mode":true,"campfire_upgraded":2,"timestamp":1523912159,"path_taken":["M","?","?","?","$","R","E","M","T","R","E","R","?","M","R","BOSS","M","?","?","?","M","R","E"],"build_version":"2018-04-12","seed_source_timestamp":41367020009628,"purchased_purges":1,"victory":false,"master_deck":["Strike_R","Strike_R","Strike_R","Strike_R","Defend_R","Defend_R","Defend_R+1","Defend_R","Bash+1","AscendersBane","Dropkick","Headbutt","Armaments+1","Impervious+1","Reckless Charge","Rampage","Uppercut","Fiend Fire","Doubt","Clumsy","Spot Weakness+1"],"max_hp_per_floor":[75,75,75,75,75,75,75,75,75,75,75,75,75,75,75,75,82,82,82,82,82,82,82,82],"relics":["Burning Blood","Calipers","Self Forming Clay","Gremlin Horn","Champion Belt","Vajra","Calling Bell","Unceasing Top","Strawberry","War Paint"],"card_choices":[{"not_picked":["Warcry","Blood for Blood"],"picked":"Dropkick","floor":1},{"not_picked":["Sever Soul","Second Wind"],"picked":"Headbutt","floor":4},{"not_picked":["Sever Soul","Flex"],"picked":"Armaments","floor":7},{"not_picked":["Flex","Armaments"],"picked":"Impervious","floor":8},{"not_picked":["Havoc","Perfected Strike"],"picked":"Reckless Charge","floor":11},{"not_picked":["Intimidate","Iron Wave"],"picked":"Rampage","floor":13},{"not_picked":["Blood for Blood","Flex"],"picked":"Uppercut","floor":14},{"not_picked":["Exhume","Juggernaut"],"picked":"Fiend Fire","floor":16},{"not_picked":["Headbutt","Searing Blow"],"picked":"Spot Weakness","floor":22}],"player_experience":415055,"potions_floor_usage":[7,14,16,21,22,22],"damage_taken":[{"damage":7,"enemies":"Jaw Worm","floor":1,"turns":3},{"damage":14,"enemies":"2 Louse","floor":4,"turns":3},{"damage":24,"enemies":"Gremlin Nob","floor":7,"turns":4},{"damage":1,"enemies":"Cultist","floor":8,"turns":3},{"damage":40,"enemies":"Lagavulin","floor":11,"turns":8},{"damage":24,"enemies":"Lagavulin Event","floor":13,"turns":6},{"damage":2,"enemies":"Exordium Thugs","floor":14,"turns":4},{"damage":20,"enemies":"Hexaghost","floor":16,"turns":8},{"damage":25,"enemies":"2 Thieves","floor":18,"turns":4},{"damage":6,"enemies":"Shell Parasite","floor":21,"turns":8},{"damage":48,"enemies":"Sentry and Sphere","floor":22,"turns":8},{"damage":39,"enemies":"Book of Stabbing","floor":24,"turns":5}],"event_choices":[{"event_name":"World of Goop","player_choice":"Gather Gold","floor":2,"damage_taken":0},{"event_name":"Dead Adventurer","player_choice":"Searched \u00272\u0027 times","floor":13,"damage_taken":0},{"event_name":"The Woman in Blue","player_choice":"Bought 1 Potion","floor":19,"damage_taken":0},{"event_name":"Back to Basics","player_choice":"Elegance","floor":20,"damage_taken":0}],"boss_relics":[{"not_picked":["Runic Pyramid","Runic Dome"],"picked":"Calling Bell"}],"potions_floor_spawned":[4,8,13,14,21],"seed_played":"4253722208633452040","killed_by":"Book of Stabbing","ascension_level":15,"is_trial":false}