{"path_per_floor":["M","M","M","$","M","R","M","R","T","M","R","?","M","E","R","B",null,"M","M","M","$"],"character_chosen":"IRONCLAD","items_purchased":["True Grit","Headbutt","Lantern","Block Potion"],"gold_per_floor":[218,236,252,156,167,167,177,177,177,195,195,120,131,156,156,228,228,239,254,268,72,72],"floor_reached":22,"campfire_rested":1,"playtime":712,"current_hp_per_floor":[64,62,56,56,56,56,57,57,57,56,56,56,56,38,60,18,61,50,21,10,10,0],"items_purged":[],"gold":72,"score":333,"play_id":"d812b463-4603-4446-a687-4bdd80537d18","local_time":"20180413014152","is_prod":false,"is_daily":false,"is_ascension_mode":true,"campfire_upgraded":2,"timestamp":1523576512,"path_taken":["M","?","M","$","?","R","M","R","T","M","R","?","M","E","R","BOSS","M","?","M","$","M"],"build_version":"2018-04-05v2","purchased_purges":0,"victory":false,"master_deck":["Strike_R","Strike_R","Strike_R","Strike_R","Defend_R","Defend_R","Defend_R","Defend_R","Bash","AscendersBane","Dropkick","Rampage+1","Armaments+1","True Grit","Headbutt","Warcry","Headbutt","Wild Strike","Headbutt","Double Tap","Warcry","Seeing Red"],"max_hp_per_floor":[75,75,75,75,75,75,75,75,75,75,75,75,75,75,75,75,75,75,75,75,75,75],"relics":["Burning Blood","Girya","Letter Opener","Velvet Choker","Lantern"],"card_choices":[{"not_picked":["Heavy Blade","Sever Soul"],"picked":"Dropkick","floor":1},{"not_picked":["Armaments","Flex"],"picked":"Rampage","floor":2},{"not_picked":["Clash","Clothesline"],"picked":"Armaments","floor":3},{"not_picked":["Ghostly Armor","Anger"],"picked":"Warcry","floor":5},{"not_picked":["Fire Breathing","Sentinel"],"picked":"Headbutt","floor":7},{"not_picked":["True Grit","Dropkick"],"picked":"Wild Strike","floor":10},{"not_picked":["Fiend Fire","Perfected Strike"],"picked":"Headbutt","floor":14},{"not_picked":["Barricade","Fiend Fire"],"picked":"Double Tap","floor":16},{"not_picked":["Body Slam","Ghostly Armor"],"picked":"Warcry","floor":18},{"not_picked":["Iron Wave","Clash"],"picked":"Seeing Red","floor":19}],"player_experience":402555,"potions_floor_usage":[5,16,20],"damage_taken":[{"damage":10,"enemies":"Cultist","floor":1,"turns":5},{"damage":8,"enemies":"2 Louse","floor":2,"turns":3},{"damage":12,"enemies":"Jaw Worm","floor":3,"turns":2},{"damage":6,"enemies":"Gremlin Gang","floor":5,"turns":4},{"damage":5,"enemies":"Looter","floor":7,"turns":4},{"damage":7,"enemies":"Blue Slaver","floor":10,"turns":5},{"damage":6,"enemies":"3 Louse","floor":13,"turns":3},{"damage":24,"enemies":"Lagavulin","floor":14,"turns":7},{"damage":48,"enemies":"Hexaghost","floor":16,"turns":9},{"damage":17,"enemies":"2 Thieves","floor":18,"turns":2},{"damage":35,"enemies":"3 Byrds","floor":19,"turns":5},{"damage":17,"enemies":"Centurion and Healer","floor":20,"turns":5},{"damage":33,"enemies":"Cultist and Chosen","floor":22,"turns":3}],"event_choices":[{"event_name":"The Cleric","player_choice":"Card Removal","floor":12,"damage_taken":0}],"boss_relics":[{"not_picked":["White Beast Statue","Black Star"],"picked":"Velvet Choker"}],"potions_floor_spawned":[3,14,16,18],"seed_played":"-4192972627171922518","killed_by":"Cultist and Chosen","ascension_level":15,"is_trial":false}