{"path_per_floor":["M","M","M","M","?","R","M","?","T","M","E","$","M","M","R","B",null,"M","M","?","M","$","R","M","R","T","R","?","?","M","M","R","B",null,"M","?","M","$","?","R","E","M","T","?","?","R","M","M","R","B"],"character_chosen":"IRONCLAD","items_purchased":["Lantern","Bag of Preparation","Strength Potion","Ancient Potion"],"gold_per_floor":[109,123,137,149,199,199,219,219,291,302,327,26,45,61,61,133,133,148,168,93,103,53,53,70,70,70,70,70,70,80,97,97,171,171,184,184,200,49,49,49,76,96,96,96,0,0,20,34,34,34],"floor_reached":51,"campfire_rested":4,"playtime":2044,"current_hp_per_floor":[72,68,71,68,68,68,49,49,49,55,38,38,44,40,62,27,63,52,45,45,41,41,63,46,46,46,46,53,53,55,54,54,16,66,56,51,54,54,54,54,23,25,25,25,25,49,51,34,58,23],"items_purged":["Strike_R","Defend_R"],"gold":34,"score":1158,"play_id":"30c6ccd6-f335-4dc1-b599-fe7bd855e45b","local_time":"20180411005029","is_prod":false,"is_daily":false,"is_ascension_mode":true,"campfire_upgraded":5,"timestamp":1523400629,"path_taken":["M","M","M","M","?","R","M","?","T","M","E","?","?","M","R","BOSS","M","?","?","M","$","R","M","R","T","R","?","?","M","?","R","BOSS","M","?","?","$","?","R","E","M","T","?","?","R","M","M","R","BOSS"],"build_version":"2018-04-05v2","purchased_purges":2,"victory":true,"master_deck":["Strike_R+1","Defend_R","Bash+1","AscendersBane","Disarm+1","Shrug It Off","Infernal Blade","Impervious","Inflame","Bludgeon+1","Inflame","Blood for Blood","Demon Form+1","Cleave","Uppercut+1","Feel No Pain+1","Metallicize","True Grit+1","Offering","Shockwave+1","Ghostly Armor+1","Feel No Pain+1","Madness","Pummel+1","Seeing Red","Dual Wield"],"max_hp_per_floor":[75,75,75,75,75,75,75,75,75,75,75,75,75,75,75,75,75,75,75,75,75,75,75,75,75,75,75,82,82,82,82,82,82,82,82,82,82,82,82,82,82,82,82,82,82,82,82,82,82,85],"relics":["Burning Blood","Mercury Hourglass","Smiling Mask","Lantern","Bag of Preparation","Mark of Pain","Red Skull","Strawberry","Astrolabe","Whetstone","Calipers","Red Mask"],"card_choices":[{"not_picked":["Wild Strike","Anger"],"picked":"Shrug It Off","floor":1},{"not_picked":["Shrug It Off","Power Through"],"picked":"Infernal Blade","floor":2},{"not_picked":["Corruption","Sentinel"],"picked":"Impervious","floor":3},{"not_picked":["Pommel Strike","Dropkick"],"picked":"Inflame","floor":4},{"not_picked":["Sever Soul","Combust"],"picked":"Bludgeon","floor":11},{"not_picked":["Twin Strike","Entrench"],"picked":"Inflame","floor":13},{"not_picked":["Perfected Strike","Power Through"],"picked":"Blood for Blood","floor":14},{"not_picked":["Juggernaut","Barricade"],"picked":"Demon Form","floor":16},{"not_picked":["Anger","Iron Wave"],"picked":"Cleave","floor":19},{"not_picked":["Combust","Burning Pact"],"picked":"Uppercut","floor":21},{"not_picked":["Clothesline","Blood for Blood"],"picked":"Feel No Pain","floor":24},{"not_picked":["Armaments","Clash"],"picked":"Metallicize","floor":30},{"not_picked":["Clash","Second Wind"],"picked":"True Grit","floor":31},{"not_picked":["Reaper","Fiend Fire"],"picked":"Offering","floor":33},{"not_picked":["Purity","Apotheosis"],"picked":"Madness","floor":36},{"not_picked":["Dramatic Entrance","Swift Strike"],"picked":"Purity","floor":36},{"not_picked":["Bloodletting","Iron Wave"],"picked":"Pummel","floor":42},{"not_picked":["Havoc","Wild Strike"],"picked":"Seeing Red","floor":47},{"not_picked":["Searing Blow","Twin Strike"],"picked":"Dual Wield","floor":48}],"player_experience":382876,"potions_floor_usage":[11,14,16,19,21,24,33,33,35,48,50,50],"damage_taken":[{"damage":2,"enemies":"2 Louse","floor":1,"turns":4},{"damage":10,"enemies":"Cultist","floor":2,"turns":6},{"damage":3,"enemies":"Jaw Worm","floor":3,"turns":5},{"damage":9,"enemies":"Red Slaver","floor":4,"turns":8},{"damage":25,"enemies":"2 Fungi Beasts","floor":7,"turns":4},{"damage":0,"enemies":"Exordium Wildlife","floor":10,"turns":2},{"damage":23,"enemies":"Gremlin Nob","floor":11,"turns":4},{"damage":0,"enemies":"Blue Slaver","floor":13,"turns":4},{"damage":10,"enemies":"Gremlin Gang","floor":14,"turns":4},{"damage":41,"enemies":"Slime Boss","floor":16,"turns":11},{"damage":17,"enemies":"Chosen","floor":18,"turns":6},{"damage":13,"enemies":"Shell Parasite","floor":19,"turns":5},{"damage":22,"enemies":"Centurion and Healer","floor":21,"turns":7},{"damage":23,"enemies":"Sentry and Sphere","floor":24,"turns":4},{"damage":4,"enemies":"Cultist and Chosen","floor":30,"turns":6},{"damage":7,"enemies":"Snake Plant","floor":31,"turns":4},{"damage":56,"enemies":"Automaton","floor":33,"turns":12},{"damage":16,"enemies":"3 Darklings","floor":35,"turns":6},{"damage":3,"enemies":"Orb Walker","floor":37,"turns":3},{"damage":37,"enemies":"Giant Head","floor":41,"turns":8},{"damage":4,"enemies":"Maw","floor":42,"turns":8},{"damage":4,"enemies":"3 Darklings","floor":47,"turns":5},{"damage":23,"enemies":"Sphere and 2 Shapes","floor":48,"turns":6},{"damage":44,"enemies":"Awakened One","floor":50,"turns":11}],"event_choices":[{"event_name":"Golden Shrine","player_choice":"Pray","floor":5,"damage_taken":0},{"event_name":"The Lab","player_choice":"Got Potions","floor":8,"damage_taken":0},{"event_name":"Beggar","player_choice":"Gave Gold","floor":20,"damage_taken":0},{"event_name":"The Mausoleum","player_choice":"Yes","floor":28,"damage_taken":0},{"event_name":"Fountain of Cleansing","player_choice":"Removed Curse","floor":29,"damage_taken":0},{"event_name":"SensoryStone","player_choice":"Memory 2","floor":36,"damage_taken":0},{"event_name":"Mysterious Sphere","player_choice":"Ignore","floor":39,"damage_taken":0},{"event_name":"Tomb of Lord Red Mask","player_choice":"Paid","floor":45,"damage_taken":0}],"boss_relics":[{"not_picked":["Cursed Key","White Beast Statue"],"picked":"Mark of Pain"},{"not_picked":["Philosopher\u0027s Stone","Velvet Choker"],"picked":"Astrolabe"}],"potions_floor_spawned":[2,11,13,14,18,19,31,33,42,47,48],"seed_played":"5988932582367832527","ascension_level":15,"is_trial":false}