{"path_per_floor":["M","M","?","M","$","R","M","R","T","M","M","R","M","M","R","B",null,"M","M","?","M","$","R","?","R","T","M","M","R","?","?","R","B",null,"M","?","?","?","M","R","M","M","T","R","$","R","M","M","R","B"],"character_chosen":"IRONCLAD","items_purchased":["Power Through","Body Slam","Feel No Pain","Metallicize","Block Potion"],"gold_per_floor":[116,135,385,396,235,235,246,246,328,346,356,356,371,381,381,485,485,502,522,522,540,361,361,286,286,286,301,318,318,318,518,518,618,618,634,634,634,634,648,648,662,682,731,731,480,480,494,505,505,505],"floor_reached":51,"campfire_rested":4,"playtime":3597,"current_hp_per_floor":[77,77,77,69,69,69,54,54,54,54,54,54,45,45,69,48,80,67,67,67,61,61,61,61,61,61,57,53,53,53,53,77,17,80,60,55,55,75,62,62,54,46,46,70,70,70,62,31,55,24],"items_purged":["Regret","Blood for Blood","Writhe"],"gold":505,"score":643,"play_id":"c41148ed-8084-4087-b673-ad0ec1cd8ad6","local_time":"20180408134330","is_prod":false,"is_daily":false,"is_ascension_mode":false,"campfire_upgraded":8,"timestamp":1523213010,"path_taken":["M","M","?","M","$","R","?","R","T","M","M","R","M","M","R","BOSS","M","M","?","M","$","R","?","R","T","M","M","R","?","?","R","BOSS","M","?","?","?","?","R","?","M","T","R","$","R","M","M","R","BOSS"],"build_version":"2018-04-05v2","purchased_purges":3,"victory":true,"master_deck":["Bash","Shrug It Off","Warcry","Wild Strike","Dual Wield+1","Body Slam+1","True Grit+1","Cleave","Seeing Red","Shrug It Off","Power Through+1","Body Slam+1","Ghostly Armor","Metallicize","Body Slam+1","Offering+1","Ghostly Armor+1","Fiend Fire","True Grit+1","Feel No Pain+1","True Grit+1","Injury","Dark Embrace+1","Burning Pact+1","Finesse","Master of Strategy","Offering+1","Thunderclap+1","Metallicize","Warcry"],"max_hp_per_floor":[80,80,80,80,80,80,80,80,80,80,80,80,80,80,80,80,80,80,80,80,80,80,80,80,80,80,80,80,80,80,80,80,80,80,80,80,80,80,80,80,80,80,80,80,80,80,80,80,80,80],"relics":["Pandora\u0027s Box"],"card_choices":[{"not_picked":["Searing Blow","Heavy Blade"],"picked":"Seeing Red","floor":1},{"not_picked":["Carnage","Hemokinesis"],"picked":"Shrug It Off","floor":4},{"not_picked":["Thunderclap","Body Slam"],"picked":"Ghostly Armor","floor":7},{"not_picked":["Cleave","Carnage"],"picked":"Metallicize","floor":10},{"not_picked":["Infernal Blade","Searing Blow"],"picked":"Body Slam","floor":11},{"not_picked":["Exhume","Reaper"],"picked":"Offering","floor":16},{"not_picked":["Sword Boomerang","Bloodletting"],"picked":"Ghostly Armor","floor":18},{"not_picked":["Iron Wave","Thunderclap"],"picked":"Fiend Fire","floor":19},{"not_picked":["Entrench","Rupture"],"picked":"True Grit","floor":21},{"not_picked":["Sword Boomerang","Pommel Strike"],"picked":"True Grit","floor":27},{"not_picked":["Fiend Fire","Exhume"],"picked":"Dark Embrace","floor":33},{"not_picked":["Havoc","Armaments"],"picked":"Burning Pact","floor":35},{"not_picked":["Dramatic Entrance","Secret Weapon"],"picked":"Finesse","floor":36},{"not_picked":["Trip","Blind"],"picked":"Master of Strategy","floor":36},{"not_picked":["Havoc","Heavy Blade"],"picked":"Thunderclap","floor":42},{"not_picked":["True Grit","Anger"],"picked":"Warcry","floor":48}],"player_experience":436728,"potions_floor_usage":[14,33,50,50,50],"damage_taken":[{"damage":3,"enemies":"Jaw Worm","floor":1,"turns":2},{"damage":0,"enemies":"Cultist","floor":2,"turns":2},{"damage":8,"enemies":"Small Slimes","floor":4,"turns":3},{"damage":15,"enemies":"Exordium Thugs","floor":7,"turns":6},{"damage":0,"enemies":"3 Louse","floor":10,"turns":2},{"damage":0,"enemies":"2 Fungi Beasts","floor":11,"turns":3},{"damage":9,"enemies":"Blue Slaver","floor":13,"turns":4},{"damage":0,"enemies":"3 Louse","floor":14,"turns":1},{"damage":21,"enemies":"The Guardian","floor":16,"turns":12},{"damage":13,"enemies":"Chosen","floor":18,"turns":4},{"damage":0,"enemies":"Spheric Guardian","floor":19,"turns":3},{"damage":6,"enemies":"Cultist and Chosen","floor":21,"turns":8},{"damage":4,"enemies":"Centurion and Healer","floor":27,"turns":5},{"damage":4,"enemies":"Snecko","floor":28,"turns":7},{"damage":60,"enemies":"Champ","floor":33,"turns":17},{"damage":20,"enemies":"3 Darklings","floor":35,"turns":7},{"damage":13,"enemies":"Orb Walker","floor":39,"turns":3},{"damage":8,"enemies":"Maw","floor":41,"turns":4},{"damage":8,"enemies":"Sphere and 2 Shapes","floor":42,"turns":1},{"damage":8,"enemies":"4 Shapes","floor":47,"turns":5},{"damage":31,"enemies":"3 Darklings","floor":48,"turns":3},{"damage":43,"enemies":"Donu and Deca","floor":50,"turns":9}],"event_choices":[{"event_name":"Golden Shrine","player_choice":"Desecrate","floor":3,"damage_taken":0},{"event_name":"Addict","player_choice":"Ignored","floor":20,"damage_taken":0},{"event_name":"Beggar","player_choice":"Gave Gold","floor":24,"damage_taken":0},{"event_name":"Accursed Blacksmith","player_choice":"Forge","floor":30,"damage_taken":0},{"event_name":"Wheel of Change","player_choice":"Gold","floor":31,"damage_taken":0},{"event_name":"SensoryStone","player_choice":"Memory 2","floor":36,"damage_taken":0},{"event_name":"Duplicator","player_choice":"One dupe","floor":37,"damage_taken":0},{"event_name":"Winding Halls","player_choice":"Writhe","floor":38,"damage_taken":0}],"boss_relics":[{"not_picked":["Ectoplasm","Snecko Eye","Velvet Choker"]},{"not_picked":["Black Star","Tiny House","Runic Cube"]}],"potions_floor_spawned":[2,11,13,19,21,33,39,41,48],"seed_played":"-3533621709853763194","ascension_level":0,"is_trial":false}