{"path_per_floor":["M","M","$","?","$","R","E","M","T","R","M","?","T","?","R","B",null,"M","M","M","?","$","E","R"],"character_chosen":"IRONCLAD","items_purchased":["Body Slam","Evolve","Master of Strategy"],"gold_per_floor":[119,132,11,11,11,11,40,52,105,105,121,178,178,178,178,252,252,266,283,298,298,44,69,69,69],"floor_reached":25,"campfire_rested":2,"playtime":858,"current_hp_per_floor":[64,66,66,66,66,66,47,56,56,56,68,68,68,53,75,43,67,64,70,41,41,41,34,56,0],"items_purged":["Strike_R"],"gold":69,"score":372,"play_id":"d7162cc3-f3d6-4346-88fe-b4f7a7bd9482","local_time":"20180406194806","is_prod":false,"is_daily":false,"is_ascension_mode":true,"campfire_upgraded":2,"timestamp":1523062086,"path_taken":["M","M","$","?","?","R","E","M","T","R","M","?","?","?","R","BOSS","M","M","M","?","$","E","R","E"],"build_version":"2018-04-05v2","purchased_purges":1,"victory":false,"master_deck":["Strike_R","Strike_R+1","Strike_R","Strike_R","Defend_R","Defend_R","Defend_R","Defend_R","Bash","AscendersBane","Reaper","Body Slam+1","Inflame","Body Slam+1","Shrug It Off+1","Metallicize+1","Pummel","Spot Weakness","Double Tap","Power Through","Burning Pact","Evolve","Master of Strategy","Whirlwind"],"max_hp_per_floor":[75,75,75,75,75,75,75,75,75,75,75,75,75,75,75,75,75,75,75,75,75,75,75,75,75],"relics":["Burning Blood","Darkstone Periapt","Omamori","Du-Vu Doll","Ice Cream","Black Star","Bottled Tornado","Toxic Egg 2"],"card_choices":[{"not_picked":["Heavy Blade","Blood for Blood"],"picked":"Body Slam","floor":1},{"not_picked":["Feel No Pain","Body Slam"],"picked":"Inflame","floor":2},{"not_picked":["Clash","Disarm"],"picked":"Shrug It Off","floor":7},{"not_picked":["Sword Boomerang","Intimidate"],"picked":"Metallicize","floor":8},{"not_picked":["Perfected Strike","Exhume"],"picked":"Pummel","floor":11},{"not_picked":["Intimidate","Feel No Pain"],"picked":"Spot Weakness","floor":12},{"not_picked":["Exhume","Brutality"],"picked":"Double Tap","floor":16},{"not_picked":["Second Wind","Body Slam"],"picked":"Power Through","floor":18},{"not_picked":["Sever Soul","Sword Boomerang"],"picked":"Burning Pact","floor":19},{"not_picked":["Blood for Blood","Twin Strike"],"picked":"Whirlwind","floor":23}],"player_experience":424372,"potions_floor_usage":[7,12,19,20],"damage_taken":[{"damage":10,"enemies":"Cultist","floor":1,"turns":5},{"damage":10,"enemies":"Small Slimes","floor":2,"turns":3},{"damage":34,"enemies":"3 Sentries","floor":7,"turns":8},{"damage":1,"enemies":"2 Louse","floor":8,"turns":3},{"damage":0,"enemies":"Large Slime","floor":11,"turns":6},{"damage":16,"enemies":"Gremlin Nob","floor":12,"turns":4},{"damage":57,"enemies":"Hexaghost","floor":16,"turns":10},{"damage":9,"enemies":"Spheric Guardian","floor":18,"turns":4},{"damage":0,"enemies":"Chosen","floor":19,"turns":4},{"damage":48,"enemies":"Slaver and Parasite","floor":20,"turns":8},{"damage":29,"enemies":"Slavers","floor":23,"turns":7},{"damage":74,"enemies":"Book of Stabbing","floor":25,"turns":6}],"event_choices":[{"event_name":"Upgrade Shrine","player_choice":"Upgraded","floor":4,"damage_taken":0},{"event_name":"Dead Adventurer","player_choice":"Searched \u00272\u0027 times","floor":12,"damage_taken":0},{"event_name":"Shining Light","player_choice":"Entered Light","floor":14,"damage_taken":0},{"event_name":"Cursed Tome","player_choice":"Ignored","floor":21,"damage_taken":0}],"boss_relics":[{"not_picked":["White Beast Statue","Runic Cube"],"picked":"Black Star"}],"potions_floor_spawned":[2,7,12,16],"seed_played":"5586659384458903507","killed_by":"Book of Stabbing","ascension_level":14,"is_trial":false}