{"path_per_floor":["M","M","M","?","M","E","R","M","T","R","?","R","M","M","R","B",null,"M","M","?","?","?","R","$","M","T","E","$","?","E","?","R"],"character_chosen":"IRONCLAD","items_purchased":["Bag of Preparation","Feel No Pain","Shrug It Off"],"gold_per_floor":[119,131,148,148,158,185,185,195,265,265,265,265,278,288,288,385,385,404,419,344,344,344,344,71,81,138,165,90,90,121,121,121,121],"floor_reached":33,"campfire_rested":2,"playtime":1147,"current_hp_per_floor":[78,80,80,80,48,24,24,30,30,30,30,30,25,25,49,13,63,53,47,47,73,73,73,73,60,60,33,33,33,24,24,63,0],"items_purged":["Strike_R"],"gold":121,"score":442,"play_id":"449b50f1-5db9-4dc2-a733-80957869aa40","local_time":"20180417093620","is_prod":false,"is_daily":false,"chose_seed":false,"is_ascension_mode":true,"campfire_upgraded":4,"timestamp":1523972180,"path_taken":["M","M","M","?","M","E","R","?","T","R","?","R","M","M","R","BOSS","M","M","?","?","?","R","$","M","T","E","$","?","E","?","R","BOSS"],"build_version":"2018-04-12","seed_source_timestamp":56109825434838,"purchased_purges":1,"victory":false,"master_deck":["Strike_R+1","Defend_R+1","Defend_R+1","Defend_R+1","Defend_R+1","Bash","AscendersBane","Twin Strike+1","Battle Trance","Iron Wave+1","Flame Barrier","Offering+1","Dark Embrace","Body Slam+1","Flex","Fiend Fire","Shrug It Off","Infernal Blade","Feel No Pain","Shrug It Off","True Grit+1"],"max_hp_per_floor":[80,80,80,80,80,80,80,80,80,80,80,80,80,80,80,80,80,80,80,80,80,80,80,80,80,80,80,80,80,80,80,80,80],"relics":["Burning Blood","NeowsBlessing","Mercury Hourglass","Matryoshka","Velvet Choker","Bag of Preparation","Tiny Chest","Oddly Smooth Stone","Regal Pillow","Ornamental Fan"],"card_choices":[{"not_picked":["Evolve","Clash"],"picked":"Twin Strike","floor":1},{"not_picked":["Iron Wave","Infernal Blade"],"picked":"Battle Trance","floor":2},{"not_picked":["Perfected Strike","Heavy Blade"],"picked":"Iron Wave","floor":5},{"not_picked":["Sever Soul","Havoc"],"picked":"Flame Barrier","floor":6},{"not_picked":["Cleave","Clash"],"picked":"Offering","floor":8},{"not_picked":["Second Wind","Pommel Strike"],"picked":"Body Slam","floor":13},{"not_picked":["Perfected Strike","Havoc"],"picked":"Flex","floor":14},{"not_picked":["Feed","Double Tap"],"picked":"Fiend Fire","floor":16},{"not_picked":["Blood for Blood","Cleave"],"picked":"Shrug It Off","floor":18},{"not_picked":["Rupture","Metallicize"],"picked":"Infernal Blade","floor":19},{"not_picked":["Body Slam","Rampage"],"picked":"True Grit","floor":27}],"player_experience":544756,"potions_floor_usage":[5,6,6,16,27,27,30],"damage_taken":[{"damage":0,"enemies":"Jaw Worm","floor":1,"turns":1},{"damage":0,"enemies":"Cultist","floor":2,"turns":1},{"damage":0,"enemies":"2 Louse","floor":3,"turns":1},{"damage":38,"enemies":"Exordium Thugs","floor":5,"turns":5},{"damage":30,"enemies":"Lagavulin","floor":6,"turns":5},{"damage":0,"enemies":"Large Slime","floor":8,"turns":5},{"damage":11,"enemies":"Looter","floor":13,"turns":3},{"damage":6,"enemies":"Exordium Wildlife","floor":14,"turns":3},{"damage":42,"enemies":"The Guardian","floor":16,"turns":17},{"damage":16,"enemies":"Chosen","floor":18,"turns":5},{"damage":12,"enemies":"Shell Parasite","floor":19,"turns":5},{"damage":19,"enemies":"Sentry and Sphere","floor":25,"turns":6},{"damage":33,"enemies":"Slavers","floor":27,"turns":6},{"damage":27,"enemies":"Gremlin Leader","floor":30,"turns":7},{"damage":68,"enemies":"Collector","floor":33,"turns":6}],"event_choices":[{"event_name":"The Lab","player_choice":"Got Potions","floor":4,"damage_taken":0},{"event_name":"Transmorgrifier","player_choice":"Transform","floor":11,"damage_taken":0},{"event_name":"Beggar","player_choice":"Gave Gold","floor":20,"damage_taken":0},{"event_name":"The Library","player_choice":"Heal","floor":21,"damage_taken":0},{"event_name":"Wheel of Change","player_choice":"Card Removal","floor":22,"damage_taken":0},{"event_name":"Back to Basics","player_choice":"Simplicity","floor":29,"damage_taken":0},{"event_name":"Accursed Blacksmith","player_choice":"Ignore","floor":31,"damage_taken":0}],"boss_relics":[{"not_picked":["Pandora\u0027s Box","Lizard Tail"],"picked":"Velvet Choker"}],"potions_floor_spawned":[2,3,5,8,13,18,27],"seed_played":"-2590331445777727890","killed_by":"Collector","ascension_level":11,"is_trial":false}