{"path_per_floor":["M","?","M","?","M","R","E","R","T","M","$","R","E","?","R","B",null,"M","$","M","?","?","R","M","R","T","R","?","E","?","E","R","B",null,"M","M","$","M","?","R","E","M","T","M","M","$","?","M","R"],"character_chosen":"IRONCLAD","items_purchased":["Whirlwind","Pen Nib","Singing Bowl","Uppercut","Shrug It Off"],"gold_per_floor":[116,116,135,135,147,147,178,178,178,188,113,113,148,223,223,327,327,346,29,41,41,41,41,53,53,78,78,78,113,113,146,146,247,277,296,315,33,47,47,47,77,94,94,107,126,41,41,54,54,54],"floor_reached":50,"campfire_rested":5,"playtime":1658,"current_hp_per_floor":[71,76,74,74,61,61,45,70,70,62,62,62,49,38,63,17,68,67,67,58,58,58,83,78,78,85,85,85,56,40,18,45,20,79,79,76,76,74,74,74,69,69,69,64,61,61,51,55,87,0],"items_purged":["Strike_R","Strike_R","Strike_R"],"gold":54,"score":840,"play_id":"adac47da-4968-4e67-be6d-c167204dcb0d","local_time":"20180408191059","is_prod":false,"is_daily":false,"is_ascension_mode":true,"campfire_upgraded":4,"timestamp":1523229059,"path_taken":["M","?","?","?","M","R","E","R","T","M","?","R","E","?","R","BOSS","M","$","M","?","?","R","?","R","T","R","?","E","?","E","R","BOSS","M","M","$","M","?","R","E","M","T","M","M","$","?","M","R","BOSS"],"build_version":"2018-04-05v2","purchased_purges":3,"victory":false,"master_deck":["Strike_R+1","Strike_R","Defend_R","Defend_R","Defend_R","Defend_R+1","Bash+1","AscendersBane","Pommel Strike+1","Pummel","Whirlwind+1","Heavy Blade+1","Demon Form+1","Evolve","Whirlwind+1","Clothesline","Spot Weakness","Battle Trance+1","Ghostly Armor","Limit Break+1","Inflame","Flame Barrier+1","Flex+1","Infernal Blade+1","Shrug It Off+1","Uppercut","Shrug It Off","Bandage Up","Jack Of All Trades","Trip","Seeing Red+1"],"max_hp_per_floor":[80,85,85,85,85,85,85,85,85,85,85,85,85,85,85,85,85,85,85,85,85,85,85,85,85,92,92,92,92,92,92,92,92,97,97,97,97,99,99,99,101,101,101,103,103,103,103,103,105,105],"relics":["Snecko Eye","Shuriken","Shovel","Omamori","Mark of Pain","Pen Nib","Strawberry","Juzu Bracelet","Enchiridion","Oddly Smooth Stone","Tiny House","Singing Bowl","Thread and Needle","Whetstone","Dream Catcher"],"card_choices":[{"not_picked":["Havoc","Feel No Pain"],"picked":"Pommel Strike","floor":3},{"not_picked":["Juggernaut","Combust"],"picked":"Pummel","floor":5},{"not_picked":["Rage","Clothesline"],"picked":"Whirlwind","floor":7},{"not_picked":["Cleave","Wild Strike"],"picked":"Heavy Blade","floor":10},{"not_picked":["Dark Embrace","Juggernaut"],"picked":"Demon Form","floor":16},{"not_picked":["Pommel Strike","True Grit"],"picked":"Evolve","floor":18},{"not_picked":["Clash","Anger"],"picked":"Clothesline","floor":20},{"not_picked":["Infernal Blade","Sentinel"],"picked":"Battle Trance","floor":29},{"not_picked":["Wild Strike","Cleave"],"picked":"Ghostly Armor","floor":31},{"not_picked":["Offering","Reaper"],"picked":"Limit Break","floor":33},{"not_picked":["Burning Pact","Bloodletting"],"picked":"Inflame","floor":34},{"not_picked":["Disarm","Burning Pact"],"picked":"Flame Barrier","floor":35},{"not_picked":["True Grit","Inflame"],"picked":"Flex","floor":36},{"not_picked":["Wild Strike","True Grit"],"picked":"Infernal Blade","floor":42},{"not_picked":["Clothesline","Sword Boomerang"],"picked":"Shrug It Off","floor":45},{"not_picked":["Purity","Panacea"],"picked":"Bandage Up","floor":47},{"not_picked":["Panacea","Swift Strike"],"picked":"Jack Of All Trades","floor":47},{"not_picked":["Dramatic Entrance","Madness"],"picked":"Trip","floor":47},{"not_picked":["Clothesline","Infernal Blade"],"picked":"Seeing Red","floor":48}],"player_experience":230892,"potions_floor_usage":[16,16,20,31,33,44,50,50,50],"damage_taken":[{"damage":1,"enemies":"Cultist","floor":1,"turns":3},{"damage":2,"enemies":"Jaw Worm","floor":3,"turns":3},{"damage":13,"enemies":"2 Louse","floor":5,"turns":4},{"damage":16,"enemies":"Gremlin Nob","floor":7,"turns":3},{"damage":8,"enemies":"Gremlin Gang","floor":10,"turns":3},{"damage":13,"enemies":"3 Sentries","floor":13,"turns":4},{"damage":46,"enemies":"The Guardian","floor":16,"turns":7},{"damage":1,"enemies":"3 Byrds","floor":18,"turns":3},{"damage":9,"enemies":"Shell Parasite","floor":20,"turns":2},{"damage":5,"enemies":"Chosen and Byrds","floor":24,"turns":4},{"damage":29,"enemies":"Slavers","floor":29,"turns":2},{"damage":22,"enemies":"Book of Stabbing","floor":31,"turns":3},{"damage":25,"enemies":"Champ","floor":33,"turns":6},{"damage":0,"enemies":"Orb Walker","floor":35,"turns":2},{"damage":3,"enemies":"3 Shapes","floor":36,"turns":2},{"damage":4,"enemies":"3 Darklings","floor":38,"turns":2},{"damage":7,"enemies":"2 Orb Walkers","floor":41,"turns":3},{"damage":0,"enemies":"Maw","floor":42,"turns":5},{"damage":10,"enemies":"4 Shapes","floor":44,"turns":2},{"damage":3,"enemies":"Sphere and 2 Shapes","floor":45,"turns":4},{"damage":0,"enemies":"Maw","floor":48,"turns":5},{"damage":104,"enemies":"Awakened One","floor":50,"turns":7}],"event_choices":[{"event_name":"Big Fish","player_choice":"Donut","floor":2,"damage_taken":0},{"event_name":"Upgrade Shrine","player_choice":"Upgraded","floor":4,"damage_taken":0},{"event_name":"World of Goop","player_choice":"Gather Gold","floor":14,"damage_taken":0},{"event_name":"Beggar","player_choice":"Ignored","floor":21,"damage_taken":0},{"event_name":"The Library","player_choice":"Read","floor":22,"damage_taken":0},{"event_name":"Addict","player_choice":"Ignored","floor":28,"damage_taken":0},{"event_name":"Cursed Tome","player_choice":"Obtained Book","floor":30,"damage_taken":0},{"event_name":"Upgrade Shrine","player_choice":"Upgraded","floor":39,"damage_taken":0},{"event_name":"SensoryStone","player_choice":"Memory 3","floor":47,"damage_taken":0}],"boss_relics":[{"not_picked":["Eternal Feather","Ectoplasm"],"picked":"Mark of Pain"},{"not_picked":["Philosopher\u0027s Stone","Black Star"],"picked":"Tiny House"}],"potions_floor_spawned":[5,7,10,16,18,24,29,35,38,44,45],"seed_played":"-5073840492400761375","killed_by":"Awakened One","ascension_level":10,"is_trial":false}