{"path_per_floor":["M","M","M","M","?","R","?","R","T","E","M","M","M","M","R","B",null,"M","M","?","?","?","R","M","M","T","M","?","M","T","?","R"],"character_chosen":"IRONCLAD","items_purchased":[],"gold_per_floor":[15,35,50,69,69,69,69,69,69,96,116,136,149,164,164,265,265,265,265,265,265,265,265,265,265,265,265,265,265,265,265,265,265],"floor_reached":33,"campfire_rested":1,"playtime":1380,"current_hp_per_floor":[78,76,80,80,80,80,80,80,80,50,56,61,66,63,63,31,68,68,73,73,73,73,73,78,80,80,75,60,65,65,49,74,0],"items_purged":[],"gold":265,"score":392,"play_id":"8bb64105-13f6-4883-81d4-049de38597a6","local_time":"20180408015506","is_prod":false,"is_daily":false,"is_ascension_mode":true,"campfire_upgraded":4,"timestamp":1523166906,"path_taken":["M","?","M","M","?","R","?","R","T","E","M","M","?","?","R","BOSS","M","M","?","?","?","R","M","?","T","M","?","M","?","?","R","BOSS"],"build_version":"2018-04-05v2","purchased_purges":0,"victory":false,"master_deck":["Strike_R+1","Strike_R+1","Defend_R+1","Defend_R+1","Defend_R+1","Defend_R+1","Bash","AscendersBane","Reckless Charge","Ghostly Armor+1","Twin Strike+1","True Grit+1","Body Slam+1","Bludgeon","Pommel Strike","Double Tap+1","Impervious","Shrug It Off"],"max_hp_per_floor":[80,80,80,80,80,80,80,80,80,80,80,80,80,80,80,80,80,80,80,80,80,80,80,80,80,80,80,85,85,85,85,85,85],"relics":["Burning Blood","Torii","War Paint","Ectoplasm","Old Coin","Ancient Tea Set","Nilry\u0027s Codex"],"card_choices":[{"not_picked":["Flex","Wild Strike"],"picked":"Twin Strike","floor":1},{"not_picked":["Armaments","Spot Weakness"],"picked":"True Grit","floor":3},{"not_picked":["Armaments","Bludgeon"],"picked":"Body Slam","floor":10},{"not_picked":["Intimidate","True Grit"],"picked":"Bludgeon","floor":13},{"not_picked":["Entrench","Spot Weakness"],"picked":"Pommel Strike","floor":14},{"not_picked":["Dark Embrace","Brutality"],"picked":"Double Tap","floor":16},{"not_picked":["Clothesline","Perfected Strike"],"picked":"Shrug It Off","floor":29}],"player_experience":511155,"potions_floor_usage":[10,19,19,33,33],"damage_taken":[{"damage":0,"enemies":"Cultist","floor":1,"turns":4},{"damage":8,"enemies":"2 Louse","floor":2,"turns":3},{"damage":0,"enemies":"Jaw Worm","floor":3,"turns":4},{"damage":1,"enemies":"2 Fungi Beasts","floor":4,"turns":5},{"damage":36,"enemies":"Lagavulin","floor":10,"turns":7},{"damage":0,"enemies":"Looter","floor":11,"turns":3},{"damage":1,"enemies":"Red Slaver","floor":12,"turns":3},{"damage":1,"enemies":"Blue Slaver","floor":13,"turns":4},{"damage":9,"enemies":"3 Louse","floor":14,"turns":4},{"damage":38,"enemies":"Slime Boss","floor":16,"turns":9},{"damage":6,"enemies":"Shell Parasite","floor":18,"turns":5},{"damage":1,"enemies":"3 Byrds","floor":19,"turns":4},{"damage":1,"enemies":"Centurion and Healer","floor":24,"turns":6},{"damage":1,"enemies":"Snecko","floor":25,"turns":4},{"damage":11,"enemies":"3 Cultists","floor":27,"turns":6},{"damage":1,"enemies":"Centurion and Healer","floor":29,"turns":7},{"damage":91,"enemies":"Collector","floor":33,"turns":9}],"event_choices":[{"event_name":"Liars Game","player_choice":"disagreed","floor":5,"damage_taken":0},{"event_name":"Upgrade Shrine","player_choice":"Upgraded","floor":7,"damage_taken":0},{"event_name":"Transmorgrifier","player_choice":"Transform","floor":20,"damage_taken":0},{"event_name":"Back to Basics","player_choice":"Simplicity","floor":21,"damage_taken":0},{"event_name":"Drug Dealer","player_choice":"Ignored","floor":22,"damage_taken":0},{"event_name":"Forgotten Altar","player_choice":"Shed Blood","floor":28,"damage_taken":0},{"event_name":"Cursed Tome","player_choice":"Obtained Book","floor":31,"damage_taken":0}],"boss_relics":[{"not_picked":["Lizard Tail","White Beast Statue"],"picked":"Ectoplasm"}],"potions_floor_spawned":[4,10,13,16,27],"seed_played":"3351369333554389192","killed_by":"Collector","ascension_level":11,"is_trial":false}