{"path_per_floor":["M","M","?","M","M","R","$","E","T","?","R","M","M","M","R"],"character_chosen":"IRONCLAD","items_purchased":[],"gold_per_floor":[17,32,32,47,60,60,60,88,88,88,88,103,123,134,134,134],"floor_reached":16,"campfire_rested":1,"playtime":454,"current_hp_per_floor":[73,75,75,68,58,58,58,30,30,32,32,22,28,26,50,0],"items_purged":[],"gold":134,"score":182,"play_id":"6112d929-8c50-481b-83d8-21d17df95b93","local_time":"20180411000106","is_prod":false,"is_daily":false,"is_ascension_mode":true,"campfire_upgraded":2,"timestamp":1523397666,"path_taken":["M","?","?","M","?","R","$","E","T","?","R","M","M","M","R","BOSS"],"build_version":"2018-04-05v2","purchased_purges":0,"victory":false,"master_deck":["Strike_R","Strike_R","Strike_R","Strike_R","Strike_R","Defend_R+1","Defend_R+1","Defend_R","Defend_R","Bash","AscendersBane","Clash","Hemokinesis+1","Shrug It Off","Corruption+1","Sentinel","Impervious","Battle Trance"],"max_hp_per_floor":[75,75,75,75,75,75,75,75,75,82,82,82,82,82,82,82],"relics":["Burning Blood","Calipers","Oddly Smooth Stone","War Paint","Strawberry"],"card_choices":[{"not_picked":["Armaments","Headbutt"],"picked":"Clash","floor":1},{"not_picked":["Clothesline","Perfected Strike"],"picked":"Hemokinesis","floor":2},{"not_picked":["Rupture","Evolve"],"picked":"Shrug It Off","floor":5},{"not_picked":["Headbutt","Ghostly Armor"],"picked":"Corruption","floor":8},{"not_picked":["Sword Boomerang","Headbutt"],"picked":"Sentinel","floor":12},{"not_picked":["Iron Wave","Thunderclap"],"picked":"Impervious","floor":13},{"not_picked":["Headbutt","Pommel Strike"],"picked":"Battle Trance","floor":14}],"player_experience":381551,"potions_floor_usage":[12,13],"damage_taken":[{"damage":1,"enemies":"Cultist","floor":1,"turns":3},{"damage":4,"enemies":"2 Louse","floor":2,"turns":4},{"damage":13,"enemies":"Jaw Worm","floor":4,"turns":4},{"damage":16,"enemies":"Exordium Thugs","floor":5,"turns":5},{"damage":34,"enemies":"Gremlin Nob","floor":8,"turns":5},{"damage":16,"enemies":"Lots of Slimes","floor":12,"turns":5},{"damage":0,"enemies":"Exordium Wildlife","floor":13,"turns":3},{"damage":8,"enemies":"3 Louse","floor":14,"turns":3},{"damage":57,"enemies":"Hexaghost","floor":16,"turns":8}],"event_choices":[{"event_name":"Shining Light","player_choice":"Ignored","floor":3,"damage_taken":0},{"event_name":"Scrap Ooze","player_choice":"success","floor":10,"damage_taken":5}],"boss_relics":[],"potions_floor_spawned":[1,8,14],"seed_played":"6957721802459826503","killed_by":"Hexaghost","ascension_level":15,"is_trial":false}