{"path_per_floor":["M","?","M","?","M","R","E","R","T","R","M","?","$","?","R","B",null,"M","$","?","?","M","E","R","M","T","E","$","?","$","M","R"],"character_chosen":"IRONCLAD","items_purchased":["Double Tap","Whirlwind","Flash of Steel"],"gold_per_floor":[113,213,229,229,245,245,575,575,575,575,592,592,295,295,295,393,393,393,195,195,195,195,195,195,195,195,195,70,70,70,70,70,70],"floor_reached":33,"campfire_rested":1,"playtime":719,"current_hp_per_floor":[80,80,80,80,80,80,51,51,51,51,40,40,40,40,40,7,80,80,80,65,65,68,62,62,65,65,49,49,41,41,32,57,0],"items_purged":["Defend_R","Strike_R","Defend_R"],"gold":70,"score":281,"play_id":"471d1f4e-15d2-4c0f-88ab-8530491d7854","local_time":"20180408231525","is_prod":false,"is_daily":false,"is_ascension_mode":false,"campfire_upgraded":5,"timestamp":1523250925,"path_taken":["M","?","M","?","M","R","E","R","T","R","M","?","$","?","R","BOSS","M","$","?","?","?","E","R","?","T","E","$","?","?","?","R","BOSS"],"build_version":"2018-04-05","purchased_purges":3,"victory":false,"master_deck":["Strike_R","Strike_R","Strike_R","Defend_R","Bash+1","Thunderclap","Cleave+1","Bloodletting+1","Clash","Dropkick+1","Double Tap+1","Whirlwind+1","Flash of Steel","Burning Pact"],"max_hp_per_floor":[80,80,80,80,80,80,80,80,80,80,80,80,80,80,80,80,80,80,80,85,85,85,85,85,85,85,85,85,85,85,85,85,85],"relics":["Burning Blood","Old Coin","Ginger","Ectoplasm","Gremlin Horn","Molten Egg 2","Pen Nib"],"card_choices":[{"not_picked":["Armaments","Clothesline"],"picked":"Thunderclap","floor":1.0},{"not_picked":["Sword Boomerang","Headbutt"],"picked":"Cleave","floor":3.0},{"not_picked":["Flame Barrier","Armaments"],"picked":"Clash","floor":7.0},{"not_picked":["Combust","Burning Pact"],"picked":"Dropkick","floor":11.0},{"not_picked":["Anger","Body Slam"],"picked":"Burning Pact","floor":22.0}],"player_experience":0,"potions_floor_usage":[33,33],"damage_taken":[{"damage":6.0,"enemies":"Cultist","floor":1.0,"turns":3.0},{"damage":0.0,"enemies":"2 Louse","floor":3.0,"turns":3.0},{"damage":6.0,"enemies":"Jaw Worm","floor":5.0,"turns":3.0},{"damage":35.0,"enemies":"Gremlin Nob","floor":7.0,"turns":4.0},{"damage":17.0,"enemies":"Exordium Thugs","floor":11.0,"turns":3.0},{"damage":54.0,"enemies":"The Guardian","floor":16.0,"turns":7.0},{"damage":3.0,"enemies":"3 Byrds","floor":18.0,"turns":2.0},{"damage":3.0,"enemies":"Spheric Guardian","floor":22.0,"turns":2.0},{"damage":18.0,"enemies":"Gremlin Leader","floor":23.0,"turns":4.0},{"damage":3.0,"enemies":"Cultist and Chosen","floor":25.0,"turns":2.0},{"damage":22.0,"enemies":"Slavers","floor":27.0,"turns":2.0},{"damage":15.0,"enemies":"Centurion and Healer","floor":31.0,"turns":2.0},{"damage":70,"enemies":"Champ","floor":33,"turns":6}],"event_choices":[{"event_name":"Golden Shrine","player_choice":"Pray","floor":2.0,"damage_taken":0.0},{"event_name":"Transmorgrifier","player_choice":"Transform","floor":4.0,"damage_taken":0.0},{"event_name":"Upgrade Shrine","player_choice":"Upgraded","floor":12.0,"damage_taken":0.0},{"event_name":"Living Wall","player_choice":"Forget","floor":14.0,"damage_taken":0.0},{"event_name":"Forgotten Altar","player_choice":"Shed Blood","floor":20.0,"damage_taken":0.0},{"event_name":"The Lab","player_choice":"Got Potions","floor":21.0,"damage_taken":0.0},{"event_name":"Knowing Skull","player_choice":"","floor":29.0,"damage_taken":0.0}],"boss_relics":[],"potions_floor_spawned":[7,22],"seed_played":"4858764401604991831","killed_by":"Champ","ascension_level":0,"is_trial":false}