{"path_per_floor":["M","M","$","?","M","E","R","M","T","R","T","?","R","M","R","B",null,"M","$","?","?","?","R","M","?","T","R","E","R","M","M","R","B",null,"M","?","$","?","?","R","M","M","T","?","R","M","?","M","R","B"],"character_chosen":"IRONCLAD","items_purchased":["Shrug It Off","Vajra"],"gold_per_floor":[118,137,9,9,29,62,62,75,75,75,75,75,75,94,94,190,190,205,105,105,105,5,5,18,18,18,18,46,46,60,79,79,178,178,189,189,44,44,0,0,17,37,37,37,37,57,57,72,72,72],"floor_reached":51,"campfire_rested":4,"playtime":1523,"current_hp_per_floor":[79,70,70,70,68,45,45,40,40,40,40,23,47,47,71,33,86,73,73,57,57,57,57,49,49,49,49,9,37,36,88,88,75,101,80,67,67,57,57,57,57,51,51,51,81,103,103,108,108,78],"items_purged":["Defend_R","Juggernaut"],"gold":72,"score":763,"play_id":"7f9a5419-8104-41d4-96ea-86a88522354d","local_time":"20180409175401","is_prod":false,"is_daily":false,"is_ascension_mode":false,"campfire_upgraded":4,"timestamp":1523310841,"path_taken":["M","?","$","?","M","E","R","M","T","R","?","?","R","M","R","BOSS","M","$","?","?","?","R","?","?","T","R","E","R","?","M","R","BOSS","M","?","$","?","?","R","?","M","T","?","R","M","?","M","R","BOSS"],"build_version":"2018-04-05v2","purchased_purges":2,"victory":true,"master_deck":["Strike_R+1","Defend_R+1","Defend_R","Bash","Inflame+1","Shrug It Off","Shrug It Off","Feed","Pummel","Headbutt","Iron Wave+1","Demon Form+1","Pommel Strike+1","Feed","J.A.X.+1","Whirlwind+1","Pommel Strike+1","Offering","Thunderclap","Double Tap","Thunderclap+1","Flex+1","Rampage+1","Spot Weakness","Madness","Madness","Jack Of All Trades","Apotheosis+1","Bandage Up"],"max_hp_per_floor":[80,80,80,80,80,80,80,83,83,83,83,83,83,83,83,86,86,89,89,89,89,89,89,92,92,92,92,95,95,98,98,98,101,101,101,101,101,101,101,101,101,101,101,101,101,105,105,108,108,112],"relics":["Runic Cube","Magic Flower","Girya","Red Skull","Astrolabe","Enchiridion","Dead Branch","Dodecahedron","Orrery","Vajra","Red Mask","Bird Faced Urn"],"card_choices":[{"not_picked":["Clash","Flame Barrier"],"picked":"Inflame","floor":1},{"not_picked":["Wild Strike","Anger"],"picked":"Shrug It Off","floor":2},{"not_picked":["Wild Strike","Warcry"],"picked":"Pummel","floor":5},{"not_picked":["Impervious","True Grit"],"picked":"Headbutt","floor":6},{"not_picked":["Disarm","True Grit"],"picked":"Pommel Strike","floor":18},{"not_picked":["Carnage","Reckless Charge"],"picked":"Pommel Strike","floor":28},{"not_picked":["Flex","Cleave"],"picked":"Offering","floor":30},{"not_picked":["Perfected Strike","Havoc"],"picked":"Thunderclap","floor":31},{"not_picked":["Exhume","Fiend Fire"],"picked":"Double Tap","floor":33},{"not_picked":["Clash","Searing Blow"],"picked":"Thunderclap","floor":34},{"not_picked":["Heavy Blade","Thunderclap"],"picked":"Flex","floor":34},{"not_picked":["Heavy Blade","Fire Breathing"],"picked":"Rampage","floor":34},{"not_picked":["Shrug It Off","Second Wind"],"picked":"Spot Weakness","floor":35},{"not_picked":["Good Instincts","Trip"],"picked":"Jack Of All Trades","floor":38},{"not_picked":["Master of Strategy","Dark Shackles"],"picked":"Apotheosis","floor":38},{"not_picked":["Mind Blast","Dramatic Entrance"],"picked":"Bandage Up","floor":38},{"not_picked":["Hemokinesis","Burning Pact"],"picked":"Disarm","floor":42}],"player_experience":260963,"potions_floor_usage":[6,30,33,50,50,50],"damage_taken":[{"damage":1,"enemies":"Cultist","floor":1,"turns":3},{"damage":9,"enemies":"Small Slimes","floor":2,"turns":4},{"damage":2,"enemies":"Jaw Worm","floor":5,"turns":4},{"damage":23,"enemies":"Lagavulin","floor":6,"turns":6},{"damage":10,"enemies":"2 Fungi Beasts","floor":8,"turns":4},{"damage":0,"enemies":"Blue Slaver","floor":14,"turns":3},{"damage":43,"enemies":"The Guardian","floor":16,"turns":13},{"damage":18,"enemies":"Shell Parasite","floor":18,"turns":6},{"damage":13,"enemies":"2 Thieves","floor":24,"turns":4},{"damage":45,"enemies":"Book of Stabbing","floor":28,"turns":5},{"damage":6,"enemies":"Slaver and Parasite","floor":30,"turns":2},{"damage":7,"enemies":"3 Cultists","floor":31,"turns":2},{"damage":18,"enemies":"Champ","floor":33,"turns":7},{"damage":21,"enemies":"3 Darklings","floor":35,"turns":2},{"damage":0,"enemies":"Orb Walker","floor":41,"turns":1},{"damage":6,"enemies":"4 Shapes","floor":42,"turns":2},{"damage":7,"enemies":"Maw","floor":46,"turns":3},{"damage":0,"enemies":"Sphere and 2 Shapes","floor":48,"turns":3},{"damage":76,"enemies":"Time Eater","floor":50,"turns":7}],"event_choices":[{"event_name":"Living Wall","player_choice":"Change","floor":4,"damage_taken":0},{"event_name":"Shining Light","player_choice":"Entered Light","floor":12,"damage_taken":0},{"event_name":"Cursed Tome","player_choice":"Obtained Book","floor":20,"damage_taken":0},{"event_name":"Duplicator","player_choice":"One dupe","floor":21,"damage_taken":0},{"event_name":"Drug Dealer","player_choice":"Got JAXXED","floor":22,"damage_taken":0},{"event_name":"Transmorgrifier","player_choice":"Transform","floor":25,"damage_taken":0},{"event_name":"Winding Halls","player_choice":"Embrace Madness","floor":36,"damage_taken":0},{"event_name":"SensoryStone","player_choice":"Memory 3","floor":38,"damage_taken":0},{"event_name":"Tomb of Lord Red Mask","player_choice":"Paid","floor":39,"damage_taken":0},{"event_name":"SecretPortal","player_choice":"Rejected Portal.","floor":44,"damage_taken":0}],"boss_relics":[{"not_picked":["Black Star","Snecko Eye"],"picked":"Astrolabe"},{"not_picked":["Velvet Choker","Philosopher\u0027s Stone"],"picked":"Orrery"}],"potions_floor_spawned":[1,16,24,30,42,48],"seed_played":"5446235366027581773","ascension_level":0,"is_trial":false}