{"path_per_floor":["M","?","M","M","?","R","M","M","T","M","?","R","M","M","R","B",null,"M","$","M","M","M","M","R","$","T","M","?","E","R","M","R","B",null,"M","$","M","M","R","E","R","T","$","M","M","M","$","R","B"],"character_chosen":"IRONCLAD","items_purchased":["Shuriken","Bludgeon"],"gold_per_floor":[19,19,32,48,48,48,64,79,102,115,215,215,231,250,250,352,352,366,291,310,320,335,354,354,254,254,268,268,302,302,317,317,413,413,433,70,82,97,97,122,122,194,74,87,105,120,10,10,10],"floor_reached":50,"campfire_rested":3,"playtime":1541,"current_hp_per_floor":[80,73,80,83,83,83,74,78,78,82,82,82,88,83,83,51,90,92,92,76,63,37,41,41,41,41,45,45,14,59,63,63,19,104,70,70,73,31,79,55,55,55,55,59,61,60,60,111,76],"items_purged":["Strike_R","Strike_R","Strike_R","Clumsy"],"gold":10,"score":742,"play_id":"bfe493fd-ba1c-44d6-a0a5-51cbf98772fe","local_time":"20180414233705","is_prod":false,"is_daily":false,"chose_seed":false,"is_ascension_mode":false,"campfire_upgraded":6,"timestamp":1523770625,"path_taken":["M","?","M","M","?","R","?","M","T","M","?","R","M","M","R","BOSS","M","$","M","M","M","M","R","$","T","M","?","E","R","M","R","BOSS","M","$","M","?","M","R","E","R","T","?","M","M","M","$","R","BOSS"],"build_version":"2018-04-12","seed_source_timestamp":338380768601722,"purchased_purges":4,"victory":true,"master_deck":["Strike_R","Strike_R","Defend_R","Defend_R","Bash","Searing Blow+5","Brutality","Flex","Battle Trance","Headbutt","Offering","Double Tap+1","Bludgeon","Headbutt+1","Bludgeon"],"max_hp_per_floor":[80,80,82,84,84,84,84,86,86,86,86,86,88,90,90,90,90,92,92,94,96,98,100,100,100,100,102,102,102,102,104,104,104,104,106,106,108,110,110,112,112,112,112,114,114,116,116,118,118],"relics":["Burning Blood","Singing Bowl","Regal Pillow","Snecko Eye","Letter Opener","Ice Cream","Cursed Key","Shuriken","Dream Catcher","The Courier"],"card_choices":[{"not_picked":["Clash","Havoc"],"picked":"Flex","floor":1.0},{"not_picked":["Shrug It Off","Perfected Strike"],"picked":"Battle Trance","floor":7.0},{"not_picked":["Havoc","Combust"],"picked":"Headbutt","floor":10.0},{"not_picked":["Fiend Fire","Dark Embrace"],"picked":"Offering","floor":16.0},{"not_picked":["Whirlwind","Impervious"],"picked":"Double Tap","floor":29.0},{"not_picked":["Demon Form","Exhume"],"picked":"Bludgeon","floor":33.0},{"not_picked":["Thunderclap","Havoc"],"picked":"Headbutt","floor":45}],"player_experience":621001,"potions_floor_usage":[49,49],"damage_taken":[{"damage":6.0,"enemies":"Cultist","floor":1.0,"turns":3.0},{"damage":1.0,"enemies":"2 Louse","floor":3.0,"turns":2.0},{"damage":5.0,"enemies":"Small Slimes","floor":4.0,"turns":3.0},{"damage":15.0,"enemies":"Blue Slaver","floor":7.0,"turns":3.0},{"damage":4.0,"enemies":"Large Slime","floor":8.0,"turns":5.0},{"damage":2.0,"enemies":"3 Louse","floor":10.0,"turns":4.0},{"damage":0.0,"enemies":"Gremlin Gang","floor":13.0,"turns":2.0},{"damage":13.0,"enemies":"Red Slaver","floor":14.0,"turns":2.0},{"damage":38.0,"enemies":"Slime Boss","floor":16.0,"turns":9.0},{"damage":4.0,"enemies":"Chosen","floor":18.0,"turns":3.0},{"damage":24.0,"enemies":"Spheric Guardian","floor":20.0,"turns":4.0},{"damage":21.0,"enemies":"Snake Plant","floor":21.0,"turns":3.0},{"damage":34.0,"enemies":"Slaver and Parasite","floor":22.0,"turns":4.0},{"damage":4.0,"enemies":"Snecko","floor":23.0,"turns":2.0},{"damage":4.0,"enemies":"Snake Plant","floor":27.0,"turns":2.0},{"damage":37.0,"enemies":"Slavers","floor":29.0,"turns":5.0},{"damage":4.0,"enemies":"Chosen and Byrds","floor":31.0,"turns":3.0},{"damage":50.0,"enemies":"Automaton","floor":33.0,"turns":6.0},{"damage":42.0,"enemies":"3 Darklings","floor":35.0,"turns":5.0},{"damage":5.0,"enemies":"Orb Walker","floor":37.0,"turns":2.0},{"damage":21.0,"enemies":"Mysterious Sphere","floor":38.0,"turns":3.0},{"damage":35,"enemies":"Maw","floor":38,"turns":5},{"damage":32,"enemies":"Nemesis","floor":40,"turns":5},{"damage":4,"enemies":"4 Shapes","floor":44,"turns":3},{"damage":4,"enemies":"Sphere and 2 Shapes","floor":45,"turns":3},{"damage":9,"enemies":"Maw","floor":46,"turns":3},{"damage":47,"enemies":"Time Eater","floor":49,"turns":3}],"event_choices":[{"event_name":"Scrap Ooze","player_choice":"success","floor":2.0,"damage_taken":7.0},{"event_name":"Liars Game","player_choice":"disagreed","floor":5.0,"damage_taken":0.0},{"event_name":"Golden Shrine","player_choice":"Pray","floor":11.0,"damage_taken":0.0},{"event_name":"Drug Dealer","player_choice":"Ignored","floor":28.0,"damage_taken":0.0},{"event_name":"Mysterious Sphere","player_choice":"Fight","floor":38.0,"damage_taken":0.0},{"event_name":"SensoryStone","player_choice":"Memory 1","floor":38,"damage_taken":0}],"boss_relics":[],"potions_floor_spawned":[3,8,10,16,20,22,23,35,40,45],"seed_played":"5007427869304574188","ascension_level":0,"is_trial":false}