{"path_per_floor":["M","M","M","?","M","E","R","?","T","R","M","M","M","$","R","B",null,"M","M","M","?","$","R","M","R","T","$","E","M","M","?","R"],"character_chosen":"IRONCLAD","items_purchased":["Apotheosis","Lee\u0027s Waffle"],"gold_per_floor":[116,131,142,142,155,182,182,150,176,176,186,199,212,29,29,127,157,169,183,201,201,0,0,16,16,42,42,76,94,114,29,29,29],"floor_reached":33,"campfire_rested":2,"playtime":3499,"current_hp_per_floor":[77,80,79,79,71,43,67,67,67,67,66,72,66,66,66,20,85,69,59,48,48,92,92,92,92,92,92,39,23,12,12,39,0],"items_purged":[],"gold":29,"score":271,"play_id":"b15dab56-d001-4050-a7cd-397d6a8effa1","local_time":"20180413094501","is_prod":false,"is_daily":false,"chose_seed":false,"is_ascension_mode":false,"campfire_upgraded":4,"timestamp":1523627101,"path_taken":["M","M","M","?","?","E","R","?","T","R","M","M","M","$","R","BOSS","M","M","M","?","$","R","M","R","T","?","E","M","M","?","R","BOSS"],"build_version":"2018-04-12","seed_source_timestamp":0,"purchased_purges":0,"victory":false,"master_deck":["Strike_R+1","Strike_R","Strike_R","Strike_R","Strike_R","Defend_R","Defend_R","Defend_R","Defend_R","Bash","Twin Strike","Rage+1","Twin Strike","Infernal Blade+1","Whirlwind+1","Anger","Armaments","Juggernaut","Apotheosis+1","Cleave+1","Cleave+1","Headbutt+1","Shrug It Off","Writhe","Reaper+1","Warcry+1","Clash+1","Headbutt"],"max_hp_per_floor":[80,80,80,80,80,80,80,80,80,80,80,80,80,80,80,80,85,85,85,85,85,92,92,92,92,92,92,92,92,92,92,92,92],"relics":["Burning Blood","Sundial","Happy Flower","Tiny House","Dodecahedron","Lee\u0027s Waffle","Whetstone","Centennial Puzzle","Kunai"],"card_choices":[{"not_picked":["Seeing Red","Rampage"],"picked":"Twin Strike","floor":1.0},{"not_picked":["Intimidate","Armaments"],"picked":"Rage","floor":2.0},{"not_picked":["Perfected Strike","Headbutt"],"picked":"Twin Strike","floor":3.0},{"not_picked":["True Grit","Dual Wield"],"picked":"Infernal Blade","floor":5.0},{"not_picked":["Carnage","True Grit"],"picked":"Whirlwind","floor":6.0},{"not_picked":["Thunderclap","Cleave"],"picked":"Anger","floor":11.0},{"not_picked":["Sever Soul","Reckless Charge"],"picked":"Armaments","floor":12.0},{"not_picked":["Seeing Red","Shockwave"],"picked":"Juggernaut","floor":13.0},{"not_picked":["Ghostly Armor","Armaments"],"picked":"Cleave","floor":17},{"not_picked":["Sword Boomerang","Bloodletting"],"picked":"Cleave","floor":18},{"not_picked":["Whirlwind","Fire Breathing"],"picked":"Headbutt","floor":19},{"not_picked":["Entrench","Uppercut"],"picked":"Shrug It Off","floor":20},{"not_picked":["Flex","Cleave"],"picked":"Reaper","floor":24},{"not_picked":["Searing Blow","Reckless Charge"],"picked":"Warcry","floor":28},{"not_picked":["Flex","Sword Boomerang"],"picked":"Clash","floor":29},{"not_picked":["Flex","Feed"],"picked":"Headbutt","floor":30}],"player_experience":0,"potions_floor_usage":[24,29,30,30],"damage_taken":[{"damage":9.0,"enemies":"2 Louse","floor":1.0,"turns":3.0},{"damage":1.0,"enemies":"Cultist","floor":2.0,"turns":4.0},{"damage":7.0,"enemies":"Small Slimes","floor":3.0,"turns":4.0},{"damage":14.0,"enemies":"Gremlin Gang","floor":5.0,"turns":5.0},{"damage":34.0,"enemies":"Lagavulin","floor":6.0,"turns":6.0},{"damage":7.0,"enemies":"Blue Slaver","floor":11.0,"turns":2.0},{"damage":0.0,"enemies":"Large Slime","floor":12.0,"turns":4.0},{"damage":12.0,"enemies":"Exordium Thugs","floor":13.0,"turns":5.0},{"damage":52.0,"enemies":"The Guardian","floor":16.0,"turns":9.0},{"damage":22,"enemies":"3 Byrds","floor":18,"turns":5},{"damage":16,"enemies":"Spheric Guardian","floor":19,"turns":4},{"damage":17,"enemies":"Centurion and Healer","floor":20,"turns":6},{"damage":0,"enemies":"Cultist and Chosen","floor":24,"turns":4},{"damage":59,"enemies":"Slavers","floor":28,"turns":5},{"damage":27,"enemies":"Snake Plant","floor":29,"turns":5},{"damage":17,"enemies":"Sentry and Sphere","floor":30,"turns":5},{"damage":60,"enemies":"Champ","floor":33,"turns":11}],"event_choices":[{"event_name":"The Lab","player_choice":"Got Potions","floor":4.0,"damage_taken":0.0},{"event_name":"World of Goop","player_choice":"Left","floor":8.0,"damage_taken":0.0},{"event_name":"The Mausoleum","player_choice":"Yes","floor":21,"damage_taken":0},{"event_name":"Addict","player_choice":"Obtained Relic","floor":31,"damage_taken":0}],"boss_relics":[{"not_picked":["Runic Pyramid","Black Star"],"picked":"Tiny House"}],"potions_floor_spawned":[1,2,6,12,18,20,24,30],"seed_played":"7993596027341970719","killed_by":"Champ","ascension_level":0,"is_trial":false}