{"path_per_floor":["M","?","$","M","M","E","R","E","T","M","R","M","R","M","R","B",null,"M","?","?","?","M","E","R","?","T","E","?","$"],"character_chosen":"IRONCLAD","items_purchased":["Bag of Marbles","Shuriken"],"gold_per_floor":[141,141,66,77,90,125,125,155,155,175,175,195,195,209,209,305,305,322,322,292,342,353,388,388,388,458,492,492,1,1],"floor_reached":30,"campfire_rested":2,"playtime":971,"current_hp_per_floor":[75,79,79,71,65,40,67,60,60,45,45,45,72,70,70,17,73,66,66,66,66,73,67,67,64,64,4,4,4,0],"items_purged":["Strike_R","Defend_R"],"gold":1,"score":440,"play_id":"cc3752cd-8a4f-41ff-938d-b50dedebbed4","local_time":"20180408184307","is_prod":false,"is_daily":false,"is_ascension_mode":true,"campfire_upgraded":3,"timestamp":1523227387,"path_taken":["M","?","$","?","?","E","R","E","T","M","R","M","R","?","R","BOSS","M","?","?","?","?","E","R","?","T","E","?","$","?"],"build_version":"2018-04-05v2","purchased_purges":2,"victory":false,"master_deck":["Defend_R","Defend_R","Defend_R","Bash","AscendersBane","Flex+1","Dropkick","Shockwave+1","Flex","Pommel Strike","Dropkick","Double Tap","Armaments+1","Inflame","Bite+1","Bite+1","Bite+1","Bite+1","Bite+1"],"max_hp_per_floor":[85,92,92,92,92,92,92,92,92,92,92,92,92,92,92,92,92,92,92,92,92,92,92,92,64,64,64,64,64,64],"relics":["Tiny House","Strawberry","Vajra","Bronze Scales","Bird Faced Urn","Velvet Choker","Magic Flower","Molten Egg 2","Pantograph","Pen Nib","Bag of Marbles","Shuriken"],"card_choices":[{"not_picked":["Perfected Strike","Anger"],"picked":"Flex","floor":0.0},{"not_picked":["Thunderclap","Heavy Blade"],"picked":"Dropkick","floor":4.0},{"not_picked":["Thunderclap","Infernal Blade"],"picked":"Shockwave","floor":5.0},{"not_picked":["True Grit","Infernal Blade"],"picked":"Flex","floor":8},{"not_picked":["Clash","Impervious"],"picked":"Pommel Strike","floor":12},{"not_picked":["Second Wind","Armaments"],"picked":"Dropkick","floor":14},{"not_picked":["Feed","Berserk"],"picked":"Double Tap","floor":16},{"not_picked":["Havoc","Thunderclap"],"picked":"Armaments","floor":22},{"not_picked":["Combust","Ghostly Armor"],"picked":"Inflame","floor":23}],"player_experience":229921,"potions_floor_usage":[8,8,10,12,14,22,23,23,23],"damage_taken":[{"damage":2.0,"enemies":"Jaw Worm","floor":1.0,"turns":3.0},{"damage":8.0,"enemies":"2 Louse","floor":4.0,"turns":2.0},{"damage":6.0,"enemies":"Cultist","floor":5.0,"turns":3.0},{"damage":25.0,"enemies":"Lagavulin","floor":6.0,"turns":6.0},{"damage":7,"enemies":"Gremlin Nob","floor":8,"turns":3},{"damage":15,"enemies":"Lots of Slimes","floor":10,"turns":4},{"damage":0,"enemies":"Gremlin Gang","floor":12,"turns":3},{"damage":2,"enemies":"3 Louse","floor":14,"turns":2},{"damage":53,"enemies":"The Guardian","floor":16,"turns":9},{"damage":7,"enemies":"Chosen","floor":18,"turns":3},{"damage":13,"enemies":"3 Byrds","floor":22,"turns":4},{"damage":31,"enemies":"Slavers","floor":23,"turns":6},{"damage":73,"enemies":"Book of Stabbing","floor":27,"turns":7},{"damage":11,"enemies":"Snake Plant","floor":30,"turns":1}],"event_choices":[{"event_name":"Scrap Ooze","player_choice":"success","floor":2.0,"damage_taken":3.0},{"event_name":"The Mausoleum","player_choice":"Yes","floor":19,"damage_taken":0},{"event_name":"The Woman in Blue","player_choice":"Bought 2 Potions","floor":20,"damage_taken":0},{"event_name":"The Joust","player_choice":"Bet on Murderer","floor":21,"damage_taken":0},{"event_name":"Vampires","player_choice":"Became a vampire","floor":25,"damage_taken":0},{"event_name":"Back to Basics","player_choice":"Elegance","floor":28,"damage_taken":0}],"boss_relics":[{"not_picked":["Philosopher\u0027s Stone","Snecko Eye"],"picked":"Velvet Choker"}],"potions_floor_spawned":[5,6,10,12,16,22,27],"seed_played":"8268731181206130122","killed_by":"Snake Plant","ascension_level":10,"is_trial":false}