{"path_per_floor":["M","?","M","M","$","E","?","?","T","$","R","M","T","M","R","B",null,"M","M","M","M","M","E","R","?","T","$","?","M","R","M","R","B",null,"M","M","$","M","M","R","M","T","T","R","M","?","?","E","R"],"character_chosen":"IRONCLAD","items_purchased":["Flash of Steel","Finesse","Ice Cream","Vajra"],"gold_per_floor":[142,112,126,139,47,73,146,169,215,123,123,143,220,237,237,332,332,352,367,384,400,419,448,448,448,448,140,55,65,65,78,78,176,176,194,209,62,80,92,92,105,105,105,105,122,122,122,150,150,150],"floor_reached":50,"campfire_rested":5,"playtime":1512,"current_hp_per_floor":[82,82,81,80,80,62,62,53,53,53,79,82,82,85,85,2,94,87,67,62,46,42,28,59,59,59,59,59,58,58,42,73,60,106,104,99,99,93,75,75,60,60,60,94,86,86,76,8,43,0],"items_purged":[],"gold":150,"score":546,"play_id":"3bc4bd2f-c18e-4f05-b51d-52287161cd6c","local_time":"20180409182005","is_prod":false,"is_daily":false,"is_ascension_mode":false,"campfire_upgraded":3,"timestamp":1523312405,"path_taken":["M","?","M","M","$","E","?","?","T","?","R","?","?","M","R","BOSS","M","?","M","M","M","E","R","?","T","$","?","M","R","M","R","BOSS","M","?","$","M","M","R","M","?","T","R","M","?","?","E","R","BOSS"],"build_version":"2018-04-05v2","purchased_purges":2,"victory":false,"master_deck":["Strike_R","Strike_R+1","Strike_R","Strike_R","Strike_R","Defend_R","Defend_R+1","Defend_R+1","Bash","Thunderclap","Flex","Perfected Strike+1","Perfected Strike","Flash of Steel","Feed","Pummel","Finesse","Wild Strike","Twin Strike","Demon Form+1","Whirlwind+1","Battle Trance","Shockwave+1","Exhume","Pummel","Whirlwind+1","Armaments+1","Pommel Strike","Flash of Steel","Madness","Panache","Spot Weakness"],"max_hp_per_floor":[85,85,85,85,85,85,85,88,88,88,88,91,91,94,94,94,94,97,97,100,100,103,106,106,106,106,106,106,106,106,106,106,106,106,109,109,109,109,115,115,115,115,115,115,115,115,115,118,118,118],"relics":["Tiny House","Paper Frog","Odd Mushroom","War Paint","Tiny Chest","Sozu","Orichalcum","Gremlin Horn","Ice Cream","Mummified Hand","Mark of Pain","Vajra","Peace Pipe","Torii","Ginger"],"card_choices":[{"not_picked":["Flex","Armaments"],"picked":"Thunderclap","floor":0},{"not_picked":["Sword Boomerang","Perfected Strike"],"picked":"Flex","floor":1},{"not_picked":["Shrug It Off","Thunderclap"],"picked":"Perfected Strike","floor":3},{"not_picked":["Twin Strike","Iron Wave"],"picked":"Perfected Strike","floor":4},{"not_picked":["Uppercut","Spot Weakness"],"picked":"Feed","floor":6},{"not_picked":["Second Wind","Fire Breathing"],"picked":"Pummel","floor":8},{"not_picked":["Armaments","Shockwave"],"picked":"Wild Strike","floor":12},{"not_picked":["Headbutt","Heavy Blade"],"picked":"Twin Strike","floor":14},{"not_picked":["Berserk","Reaper"],"picked":"Demon Form","floor":16},{"not_picked":["Warcry","Bloodletting"],"picked":"Whirlwind","floor":18},{"not_picked":["Heavy Blade","Carnage"],"picked":"Battle Trance","floor":19},{"not_picked":["Clash","Blood for Blood"],"picked":"Shockwave","floor":22},{"not_picked":["Immolate","Impervious"],"picked":"Exhume","floor":33},{"not_picked":["Flame Barrier","Body Slam"],"picked":"Pummel","floor":35},{"not_picked":["True Grit","Rupture"],"picked":"Whirlwind","floor":36},{"not_picked":["Shrug It Off","Anger"],"picked":"Armaments","floor":38},{"not_picked":["Dropkick","Blood for Blood"],"picked":"Pommel Strike","floor":45},{"not_picked":["Transmutation","Finesse"],"picked":"Flash of Steel","floor":47},{"not_picked":["Panacea","Good Instincts"],"picked":"Madness","floor":47},{"not_picked":["Enlightenment","Trip"],"picked":"Panache","floor":47},{"not_picked":["Clash","Power Through"],"picked":"Spot Weakness","floor":48}],"player_experience":262486,"potions_floor_usage":[8,20,21,21],"damage_taken":[{"damage":3,"enemies":"2 Louse","floor":1,"turns":2},{"damage":1,"enemies":"Cultist","floor":3,"turns":3},{"damage":1,"enemies":"Jaw Worm","floor":4,"turns":3},{"damage":18,"enemies":"Lagavulin","floor":6,"turns":4},{"damage":18,"enemies":"The Mushroom Lair","floor":8,"turns":3},{"damage":0,"enemies":"3 Louse","floor":12,"turns":3},{"damage":0,"enemies":"2 Fungi Beasts","floor":14,"turns":2},{"damage":83,"enemies":"Hexaghost","floor":16,"turns":10},{"damage":10,"enemies":"Spheric Guardian","floor":18,"turns":3},{"damage":20,"enemies":"2 Thieves","floor":19,"turns":2},{"damage":23,"enemies":"Centurion and Healer","floor":20,"turns":6},{"damage":16,"enemies":"Snake Plant","floor":21,"turns":2},{"damage":7,"enemies":"Snecko","floor":22,"turns":3},{"damage":17,"enemies":"Slavers","floor":23,"turns":4},{"damage":1,"enemies":"3 Cultists","floor":29,"turns":4},{"damage":16,"enemies":"Sentry and Sphere","floor":31,"turns":4},{"damage":13,"enemies":"Automaton","floor":33,"turns":6},{"damage":5,"enemies":"Orb Walker","floor":35,"turns":2},{"damage":5,"enemies":"3 Darklings","floor":36,"turns":3},{"damage":6,"enemies":"Sphere and 2 Shapes","floor":38,"turns":2},{"damage":24,"enemies":"4 Shapes","floor":39,"turns":3},{"damage":15,"enemies":"Maw","floor":41,"turns":5},{"damage":8,"enemies":"3 Darklings","floor":45,"turns":2},{"damage":71,"enemies":"Giant Head","floor":48,"turns":8},{"damage":45,"enemies":"Donu and Deca","floor":50,"turns":3}],"event_choices":[{"event_name":"The Woman in Blue","player_choice":"Bought 2 Potions","floor":2,"damage_taken":0},{"event_name":"Golden Wing","player_choice":"Gained Gold","floor":7,"damage_taken":0},{"event_name":"Mushrooms","player_choice":"Fought Mushrooms","floor":8,"damage_taken":0},{"event_name":"The Lab","player_choice":"Got Potions","floor":25,"damage_taken":0},{"event_name":"Addict","player_choice":"Obtained Relic","floor":28,"damage_taken":0},{"event_name":"Purifier","player_choice":"One Purge","floor":46,"damage_taken":0},{"event_name":"SensoryStone","player_choice":"Memory 3","floor":47,"damage_taken":0}],"boss_relics":[{"not_picked":["Lizard Tail","Runic Cube"],"picked":"Sozu"},{"not_picked":["White Beast Statue","Pandora\u0027s Box"],"picked":"Mark of Pain"}],"potions_floor_spawned":[3,16,19,20,23,31,33,39,45,48],"seed_played":"-5067733256753246087","killed_by":"Donu and Deca","ascension_level":0,"is_trial":false}