{"path_per_floor":["M","?","M","M","$","M","E","M","T","$","M","R","M","M","R","B",null,"M","$","M","?","?","R","?","R","T","?","M","$","?","$","R","B",null,"M","M","$","?","$","R","E","R","T","M","R","$","M","$","R","B"],"character_chosen":"IRONCLAD","items_purchased":["Limit Break","True Grit","Reaper","Havoc","Spot Weakness","Disarm","Trip","Evolve","Feel No Pain","Reaper"],"gold_per_floor":[143,318,331,344,117,127,160,175,175,49,69,69,85,100,100,204,204,220,22,35,35,35,35,35,35,84,84,99,28,128,3,3,98,98,116,130,31,31,31,31,364,364,364,379,379,190,203,60,60,60],"floor_reached":51,"campfire_rested":3,"playtime":3088,"current_hp_per_floor":[77,77,71,65,65,48,37,24,24,24,14,39,18,17,42,34,85,80,80,73,73,73,73,73,73,73,73,81,81,81,81,81,63,91,59,46,46,35,35,62,77,77,77,80,80,80,72,72,72,46],"items_purged":["Doubt","Barricade","Rampage","Strike_R"],"gold":60,"score":775,"play_id":"f0b93ed9-cbe0-427e-894c-7d7ec7cd328d","local_time":"20180413213535","is_prod":false,"is_daily":false,"chose_seed":false,"is_ascension_mode":false,"campfire_upgraded":6,"timestamp":1523669735,"path_taken":["M","?","M","M","$","?","E","M","T","$","M","R","?","?","R","BOSS","M","$","M","?","?","R","?","R","T","?","M","?","?","?","R","BOSS","M","M","$","?","$","R","E","R","T","M","R","?","?","$","R","BOSS"],"build_version":"2018-04-12","seed_source_timestamp":254052379276584,"purchased_purges":4,"victory":true,"master_deck":["Strike_R","Strike_R","Strike_R","Defend_R","Defend_R","Bash+1","Flex","Spot Weakness","Reckless Charge","Shrug It Off+1","Limit Break+1","Immolate","Feel No Pain+1","True Grit+1","Reaper","Inflame","Feed","Barricade+1","Feel No Pain+1","Havoc+1","Spot Weakness","Offering+1","Spot Weakness","Offering","Reckless Charge","Disarm","Fiend Fire","Armaments+1","Shockwave","Trip","Madness","Madness","Body Slam+1","Heavy Blade+1","Heavy Blade+1","Evolve","Battle Trance","Feel No Pain+1","Reaper"],"max_hp_per_floor":[85,85,85,85,85,85,85,85,85,85,85,85,85,85,85,85,85,85,85,88,88,88,88,88,88,88,88,91,91,91,91,91,91,91,91,91,91,91,91,91,91,91,91,94,94,94,94,94,94,97],"relics":["Tiny House","Mercury Hourglass","Blue Candle","Astrolabe","Dream Catcher","Bronze Scales","Sozu","Old Coin","Pen Nib"],"card_choices":[{"not_picked":["Perfected Strike","Warcry"],"picked":"Flex","floor":0},{"not_picked":["Thunderclap","Ghostly Armor"],"picked":"Spot Weakness","floor":1},{"not_picked":["Warcry","True Grit"],"picked":"Reckless Charge","floor":3},{"not_picked":["Anger","Reckless Charge"],"picked":"Shrug It Off","floor":4},{"not_picked":["Twin Strike","Reckless Charge"],"picked":"Immolate","floor":6},{"not_picked":["Havoc","Sword Boomerang"],"picked":"Feel No Pain","floor":7},{"not_picked":["Twin Strike","Shrug It Off"],"picked":"Inflame","floor":13},{"not_picked":["Combust","Burning Pact"],"picked":"Feed","floor":14},{"not_picked":["Brutality","Impervious"],"picked":"Barricade","floor":16},{"not_picked":["Twin Strike","Heavy Blade"],"picked":"Offering","floor":20},{"not_picked":["Clash","Shrug It Off"],"picked":"Reckless Charge","floor":28},{"not_picked":["Bludgeon","Berserk"],"picked":"Fiend Fire","floor":33},{"not_picked":["Twin Strike","Anger"],"picked":"Armaments","floor":35},{"not_picked":["Combust","Body Slam"],"picked":"Shockwave","floor":36},{"not_picked":["Twin Strike","Double Tap"],"picked":"Body Slam","floor":40},{"not_picked":["Rampage","True Grit"],"picked":"Heavy Blade","floor":41},{"not_picked":["Perfected Strike","Cleave"],"picked":"Heavy Blade","floor":44},{"not_picked":["Sword Boomerang","Iron Wave"],"picked":"Battle Trance","floor":47}],"player_experience":273131,"potions_floor_usage":[6,7,16,16,20,50],"damage_taken":[{"damage":8,"enemies":"Jaw Worm","floor":1,"turns":3},{"damage":6,"enemies":"2 Louse","floor":3,"turns":2},{"damage":6,"enemies":"Cultist","floor":4,"turns":3},{"damage":17,"enemies":"Gremlin Gang","floor":6,"turns":6},{"damage":11,"enemies":"3 Sentries","floor":7,"turns":4},{"damage":13,"enemies":"Red Slaver","floor":8,"turns":2},{"damage":10,"enemies":"Looter","floor":11,"turns":3},{"damage":21,"enemies":"Exordium Thugs","floor":13,"turns":4},{"damage":1,"enemies":"2 Fungi Beasts","floor":14,"turns":4},{"damage":8,"enemies":"Slime Boss","floor":16,"turns":6},{"damage":15,"enemies":"Chosen","floor":18,"turns":4},{"damage":10,"enemies":"2 Thieves","floor":20,"turns":3},{"damage":14,"enemies":"3 Cultists","floor":28,"turns":4},{"damage":29,"enemies":"Collector","floor":33,"turns":10},{"damage":32,"enemies":"3 Darklings","floor":35,"turns":4},{"damage":13,"enemies":"Orb Walker","floor":36,"turns":3},{"damage":8,"enemies":"Giant Head","floor":41,"turns":7},{"damage":8,"enemies":"Sphere and 2 Shapes","floor":44,"turns":6},{"damage":8,"enemies":"3 Darklings","floor":47,"turns":1},{"damage":47,"enemies":"Awakened One","floor":50,"turns":9}],"event_choices":[{"event_name":"Liars Game","player_choice":"agreed","floor":2,"damage_taken":0},{"event_name":"Accursed Blacksmith","player_choice":"Forge","floor":21,"damage_taken":0},{"event_name":"The Library","player_choice":"Read","floor":22,"damage_taken":0},{"event_name":"The Mausoleum","player_choice":"Yes","floor":24,"damage_taken":0},{"event_name":"Duplicator","player_choice":"One dupe","floor":27,"damage_taken":0},{"event_name":"Golden Shrine","player_choice":"Pray","floor":30,"damage_taken":0},{"event_name":"Winding Halls","player_choice":"Embrace Madness","floor":38,"damage_taken":0}],"boss_relics":[{"not_picked":["Runic Cube","Runic Pyramid"],"picked":"Astrolabe"},{"not_picked":["Pandora\u0027s Box","Snecko Eye"],"picked":"Sozu"}],"potions_floor_spawned":[6,11,13,14,16,36,44,47],"seed_played":"1129731891243158291","ascension_level":0,"is_trial":false}