{"path_per_floor":["M","?","M","$","M","R","E","M","T","?","M","M","R","?","R","B",null,"M","$","?","?","?","E","R"],"character_chosen":"IRONCLAD","items_purchased":["Inflame","Ice Cream","Peace Pipe"],"gold_per_floor":[114,114,132,63,86,86,117,135,135,135,159,172,172,172,172,291,591,611,15,15,15,15,49,49,49],"floor_reached":25,"campfire_rested":2,"playtime":656,"current_hp_per_floor":[73,73,67,67,66,66,56,56,56,56,48,37,37,37,59,26,74,72,72,72,72,72,16,38,0],"items_purged":[],"gold":49,"score":219,"play_id":"13714304-b883-4745-818c-54aca9b73b55","local_time":"20180411223805","is_prod":false,"is_daily":false,"is_ascension_mode":false,"campfire_upgraded":2,"timestamp":1523500685,"path_taken":["M","?","M","$","M","R","E","M","T","?","?","M","R","?","R","BOSS","M","$","?","?","?","E","R","E"],"build_version":"2018-04-05v2","purchased_purges":0,"victory":false,"master_deck":["Strike_R","Strike_R","Strike_R","Strike_R","Defend_R","Defend_R","Defend_R","Defend_R","Bash","Whirlwind+1","Flex","Inflame","Pommel Strike","Whirlwind","Intimidate","Bash","Clumsy","Pummel","Spot Weakness+1","Blood for Blood","Dark Embrace","Injury","Regret","Parasite","Shrug It Off+1","Flex","Havoc+1"],"max_hp_per_floor":[80,74,74,74,74,74,74,74,74,74,74,74,74,74,74,74,74,74,74,74,74,74,74,74,74],"relics":["White Beast Statue","Golden Idol","Blue Candle","Champion Belt","Calling Bell","Darkstone Periapt","Old Coin","Lantern","Ice Cream","Peace Pipe","Gambling Chip"],"card_choices":[{"not_picked":["Carnage","Hemokinesis"],"picked":"Whirlwind","floor":1},{"not_picked":["Anger","Body Slam"],"picked":"Flex","floor":3},{"not_picked":["Reckless Charge","Sword Boomerang"],"picked":"Pommel Strike","floor":5},{"not_picked":["Impervious","Power Through"],"picked":"Whirlwind","floor":7},{"not_picked":["Anger","Pommel Strike"],"picked":"Intimidate","floor":8},{"not_picked":["Searing Blow","Rampage"],"picked":"Pummel","floor":11},{"not_picked":["Heavy Blade","Cleave"],"picked":"Spot Weakness","floor":12},{"not_picked":["Juggernaut","Immolate"],"picked":"Dark Embrace","floor":16},{"not_picked":["Disarm","Iron Wave"],"picked":"Shrug It Off","floor":18},{"not_picked":["Warcry","Reckless Charge"],"picked":"Havoc","floor":23}],"player_experience":269496,"potions_floor_usage":[5,7,11,12,18,18,23],"damage_taken":[{"damage":7,"enemies":"Small Slimes","floor":1,"turns":3},{"damage":6,"enemies":"Jaw Worm","floor":3,"turns":3},{"damage":1,"enemies":"Cultist","floor":5,"turns":3},{"damage":10,"enemies":"Gremlin Nob","floor":7,"turns":4},{"damage":0,"enemies":"3 Louse","floor":8,"turns":1},{"damage":8,"enemies":"Red Slaver","floor":11,"turns":2},{"damage":11,"enemies":"Large Slime","floor":12,"turns":5},{"damage":33,"enemies":"The Guardian","floor":16,"turns":7},{"damage":2,"enemies":"Shell Parasite","floor":18,"turns":2},{"damage":56,"enemies":"Book of Stabbing","floor":23,"turns":6},{"damage":44,"enemies":"Slavers","floor":25,"turns":3}],"event_choices":[{"event_name":"Golden Idol","player_choice":"Lose Max HP","floor":2,"damage_taken":0},{"event_name":"Match and Keep!","player_choice":"2 cards matched","floor":10,"damage_taken":0},{"event_name":"Living Wall","player_choice":"Change","floor":14,"damage_taken":0},{"event_name":"Vampires","player_choice":"Ignored","floor":20,"damage_taken":0},{"event_name":"Drug Dealer","player_choice":"Ignored","floor":21,"damage_taken":0},{"event_name":"The Library","player_choice":"Read","floor":22,"damage_taken":0}],"boss_relics":[{"not_picked":["Philosopher\u0027s Stone","Orrery"],"picked":"Calling Bell"}],"potions_floor_spawned":[1,3,5,7,8,11,12,16,18,23],"seed_played":"6852513241071674993","killed_by":"Slavers","ascension_level":0,"is_trial":false}