{"path_per_floor":["M","M","T","?","$","R","E","$","T","E","$","R","M","?","R","B",null,"M","?","M","?"],"character_chosen":"IRONCLAD","items_purchased":["Evolve","True Grit","Madness","Uppercut","Madness"],"gold_per_floor":[110,126,150,200,52,52,380,154,199,226,25,25,37,59,59,135,135,149,149,169,169,169],"floor_reached":22,"campfire_rested":1,"playtime":864,"current_hp_per_floor":[73,66,66,66,66,66,40,40,40,23,23,46,43,43,43,19,64,14,14,17,17,0],"items_purged":["Strike_R","Strike_R"],"gold":169,"score":333,"play_id":"959f1ea1-490f-4e0e-b59a-142bac2f7b50","local_time":"20180413142810","is_prod":false,"is_daily":false,"chose_seed":false,"is_ascension_mode":true,"campfire_upgraded":2,"timestamp":1523622490,"path_taken":["M","M","?","?","$","R","E","?","T","E","$","R","M","?","R","BOSS","M","?","M","?","M"],"build_version":"2018-04-12","seed_source_timestamp":18591647761359,"purchased_purges":2,"victory":false,"master_deck":["Strike_R","Strike_R","Defend_R","Defend_R","Defend_R","Defend_R","Bash","AscendersBane","Feel No Pain+1","Sever Soul","Evolve","Pummel","True Grit+1","Madness","Uppercut","Madness","Body Slam","Reckless Charge","Demon Form","Decay","Pummel+1"],"max_hp_per_floor":[75,75,75,75,75,75,75,75,75,77,77,77,77,79,79,79,79,81,81,81,81,81],"relics":["Burning Blood","Dream Catcher","Old Coin","Singing Bowl","Orichalcum","Odd Mushroom","Runic Pyramid"],"card_choices":[{"not_picked":["True Grit","Spot Weakness"],"picked":"Feel No Pain","floor":1},{"not_picked":["Heavy Blade","Armaments"],"picked":"Sever Soul","floor":2},{"not_picked":["Hemokinesis","Flame Barrier"],"picked":"Pummel","floor":7},{"not_picked":["Ghostly Armor","Clash"],"picked":"Body Slam","floor":12},{"not_picked":["Dark Embrace","Pommel Strike"],"picked":"Reckless Charge","floor":13},{"not_picked":["Bludgeon","Berserk"],"picked":"Demon Form","floor":16},{"not_picked":["Sword Boomerang","Rage"],"picked":"Pummel","floor":20}],"player_experience":406495,"potions_floor_usage":[7,14,14,16],"damage_taken":[{"damage":1,"enemies":"Cultist","floor":1,"turns":4},{"damage":13,"enemies":"Jaw Worm","floor":2,"turns":4},{"damage":32,"enemies":"Gremlin Nob","floor":7,"turns":6},{"damage":25,"enemies":"3 Sentries","floor":10,"turns":8},{"damage":9,"enemies":"Small Slimes","floor":13,"turns":4},{"damage":8,"enemies":"The Mushroom Lair","floor":14,"turns":4},{"damage":30,"enemies":"The Guardian","floor":16,"turns":13},{"damage":58,"enemies":"3 Byrds","floor":18,"turns":7},{"damage":3,"enemies":"Chosen","floor":20,"turns":6},{"damage":17,"enemies":"Sentry and Sphere","floor":22,"turns":3}],"event_choices":[{"event_name":"Golden Shrine","player_choice":"Pray","floor":4,"damage_taken":0},{"event_name":"Mushrooms","player_choice":"Fought Mushrooms","floor":14,"damage_taken":0},{"event_name":"Forgotten Altar","player_choice":"Smashed Altar","floor":19,"damage_taken":0},{"event_name":"Back to Basics","player_choice":"Elegance","floor":21,"damage_taken":0}],"boss_relics":[{"not_picked":["Runic Cube","Black Star"],"picked":"Runic Pyramid"}],"potions_floor_spawned":[1,13,18],"seed_played":"-4280171197909099094","killed_by":"Sentry and Sphere","ascension_level":15,"is_trial":false}