{"path_per_floor":["M","M","M","?","M","E","R","M","T","M","E","R","?","M","R","B",null,"M","M","$","M","?","R","?","R","T","E","M","E","?","M","R","B",null,"M","M","M","$","?","R","M","?","T","M","M","?","R","M","R","B"],"character_chosen":"IRONCLAD","items_purchased":["Feel No Pain","Magic Flower","Battle Trance","Feel No Pain"],"gold_per_floor":[114,124,135,135,151,178,178,196,221,233,258,258,283,301,301,401,401,381,399,21,40,40,40,40,40,40,67,83,110,110,126,126,226,256,268,279,290,105,105,105,117,117,117,130,143,143,143,157,157,157],"floor_reached":51,"campfire_rested":1,"playtime":3334,"current_hp_per_floor":[76,80,79,79,77,52,52,53,53,58,43,43,32,32,32,38,75,64,60,60,64,64,64,48,74,74,87,70,87,87,87,87,87,92,80,92,83,83,83,83,92,92,92,89,92,80,80,92,92,65],"items_purged":["Strike_R"],"gold":157,"score":1190,"play_id":"2a6859c7-0667-41b9-afb7-64a833e3eba8","local_time":"20180421013705","is_prod":false,"is_daily":false,"chose_seed":false,"is_ascension_mode":true,"campfire_upgraded":8,"timestamp":1524289025,"path_taken":["M","M","M","?","M","E","R","M","T","M","E","R","?","M","R","BOSS","M","M","$","M","?","R","?","R","T","E","M","E","?","M","R","BOSS","M","M","M","$","?","R","M","?","T","M","M","?","R","M","R","BOSS"],"build_version":"2018-04-19","seed_source_timestamp":370760347520053,"purchased_purges":2,"victory":true,"master_deck":["Strike_R","Strike_R","Strike_R+1","Defend_R","Defend_R","Defend_R","Bash","AscendersBane","Thunderclap","Shrug It Off+1","Flame Barrier","Inflame","True Grit+1","Demon Form+1","Disarm+1","Evolve","Uppercut+1","Reaper","Seeing Red","Sword Boomerang","Feel No Pain+1","Shrug It Off+1","Reckless Charge","Offering","Battle Trance","Feel No Pain+1","Shrug It Off","Madness","Madness"],"max_hp_per_floor":[80,80,80,80,80,80,80,80,80,80,87,87,87,87,87,87,87,87,87,87,87,87,87,87,87,87,87,87,87,87,87,87,87,92,92,92,92,92,92,92,92,92,92,92,92,92,92,92,92,92],"relics":["Burning Blood","Pen Nib","Ancient Tea Set","Juzu Bracelet","Strawberry","Odd Mushroom","Velvet Choker","Magic Flower","Nilry\u0027s Codex","Red Skull","Prayer Wheel","Du-Vu Doll","Tiny House","Letter Opener"],"card_choices":[{"not_picked":["Headbutt","Armaments"],"picked":"Thunderclap","floor":1},{"not_picked":["Wild Strike","Twin Strike"],"picked":"Shrug It Off","floor":2},{"not_picked":["Sever Soul","Combust"],"picked":"Flame Barrier","floor":3},{"not_picked":["Sword Boomerang","Searing Blow"],"picked":"Inflame","floor":5},{"not_picked":["Thunderclap","Dual Wield"],"picked":"True Grit","floor":6},{"not_picked":["Shrug It Off","Iron Wave"],"picked":"Demon Form","floor":8},{"not_picked":["True Grit","Clash"],"picked":"Disarm","floor":10},{"not_picked":["Havoc","Anger"],"picked":"Evolve","floor":11},{"not_picked":["Headbutt","Hemokinesis"],"picked":"Uppercut","floor":13},{"not_picked":["Dark Embrace","Impervious"],"picked":"Reaper","floor":16},{"not_picked":["Thunderclap","Headbutt"],"picked":"Seeing Red","floor":18},{"not_picked":["Rampage","Inflame"],"picked":"Sword Boomerang","floor":19},{"not_picked":["Reckless Charge","Twin Strike"],"picked":"Shrug It Off","floor":21},{"not_picked":["Spot Weakness","Clothesline"],"picked":"Reckless Charge","floor":27},{"not_picked":["Juggernaut","Fiend Fire"],"picked":"Offering","floor":33},{"not_picked":["Pommel Strike","Flex"],"picked":"Shrug It Off","floor":43}],"player_experience":585959,"potions_floor_usage":[11,11,27,50,50,50],"damage_taken":[{"damage":2,"enemies":"2 Louse","floor":1,"turns":4},{"damage":1,"enemies":"Cultist","floor":2,"turns":3},{"damage":7,"enemies":"Jaw Worm","floor":3,"turns":4},{"damage":8,"enemies":"Blue Slaver","floor":5,"turns":6},{"damage":31,"enemies":"3 Sentries","floor":6,"turns":10},{"damage":5,"enemies":"Lots of Slimes","floor":8,"turns":4},{"damage":1,"enemies":"2 Fungi Beasts","floor":10,"turns":4},{"damage":28,"enemies":"Gremlin Nob","floor":11,"turns":5},{"damage":17,"enemies":"The Mushroom Lair","floor":13,"turns":8},{"damage":6,"enemies":"Red Slaver","floor":14,"turns":7},{"damage":0,"enemies":"The Guardian","floor":16,"turns":11},{"damage":23,"enemies":"2 Thieves","floor":18,"turns":4},{"damage":17,"enemies":"Chosen","floor":19,"turns":7},{"damage":23,"enemies":"Snake Plant","floor":21,"turns":6},{"damage":25,"enemies":"Book of Stabbing","floor":27,"turns":10},{"damage":26,"enemies":"Sentry and Sphere","floor":28,"turns":7},{"damage":46,"enemies":"Gremlin Leader","floor":29,"turns":6},{"damage":22,"enemies":"Cultist and Chosen","floor":31,"turns":9},{"damage":38,"enemies":"Champ","floor":33,"turns":12},{"damage":36,"enemies":"Orb Walker","floor":35,"turns":6},{"damage":10,"enemies":"3 Shapes","floor":36,"turns":8},{"damage":56,"enemies":"Maw","floor":37,"turns":8},{"damage":24,"enemies":"4 Shapes","floor":41,"turns":9},{"damage":23,"enemies":"Sphere and 2 Shapes","floor":44,"turns":10},{"damage":34,"enemies":"3 Darklings","floor":45,"turns":5},{"damage":25,"enemies":"Maw","floor":48,"turns":9},{"damage":91,"enemies":"Awakened One","floor":50,"turns":14}],"event_choices":[{"event_name":"Purifier","player_choice":"One Purge","floor":4,"damage_taken":0},{"event_name":"Mushrooms","player_choice":"Fought Mushrooms","floor":13,"damage_taken":0},{"event_name":"Addict","player_choice":"Ignored","floor":22,"damage_taken":0},{"event_name":"Cursed Tome","player_choice":"Obtained Book","floor":24,"damage_taken":0},{"event_name":"Match and Keep!","player_choice":"0 cards matched","floor":30,"damage_taken":0},{"event_name":"Mysterious Sphere","player_choice":"Ignore","floor":39,"damage_taken":0},{"event_name":"Winding Halls","player_choice":"Embrace Madness","floor":46,"damage_taken":0}],"boss_relics":[{"not_picked":["Ectoplasm","White Beast Statue"],"picked":"Velvet Choker"},{"not_picked":["Runic Dome","Black Star"],"picked":"Tiny House"}],"potions_floor_spawned":[2,5,6,13,16,19,21,31,33,35,41],"seed_played":"-735852835121576485","ascension_level":12,"is_trial":false}