{"path_per_floor":["M","$","?","?","M","E","$","E","T","M","R","E","R","$","R","B",null,"M","M","M","$","?","R","?","R","T","E","?","T","R","$","R","B",null,"M","M","?","$","?","R","E","M","T","M","R","M","R","E","R","B"],"character_chosen":"IRONCLAD","items_purchased":["Feel No Pain","Disarm","Shrug It Off","Disarm","Block Potion","Shrug It Off"],"gold_per_floor":[115,45,45,45,65,96,14,49,49,63,63,96,96,45,45,124,124,143,158,178,27,77,77,77,77,103,133,133,133,133,37,37,110,110,123,135,135,35,86,86,116,126,126,136,136,148,148,174,174,174],"floor_reached":51,"campfire_rested":3,"playtime":2210,"current_hp_per_floor":[74,74,74,74,75,75,75,72,72,55,55,51,51,51,51,39,77,83,65,46,46,46,46,46,46,46,21,21,21,47,47,73,49,79,77,75,70,70,67,89,89,89,89,81,81,81,81,87,87,65],"items_purged":["Strike_R","Strike_R"],"gold":174,"score":1384,"play_id":"ce35cfc4-a338-42dc-9e1d-b032d3a25884","local_time":"20180417173615","is_prod":false,"is_daily":false,"chose_seed":false,"is_ascension_mode":true,"campfire_upgraded":8,"timestamp":1524004575,"path_taken":["M","$","?","?","?","E","?","E","T","M","R","E","R","$","R","BOSS","M","M","M","$","?","R","?","R","T","E","?","?","R","$","R","BOSS","M","M","?","$","?","R","E","M","T","M","R","?","R","E","R","BOSS"],"build_version":"2018-04-12","seed_source_timestamp":0,"purchased_purges":6,"victory":true,"master_deck":["Strike_R","Strike_R","Defend_R","Defend_R","Defend_R","Defend_R","Bash","AscendersBane","Shockwave+1","Feel No Pain+1","Sword Boomerang","Body Slam+1","Dual Wield+1","Disarm+1","Impervious","Burning Pact","Body Slam+1","Shrug It Off","Exhume+1","Shrug It Off","Reckless Charge+1","Disarm+1","Burning Pact","Shrug It Off","Juggernaut","Body Slam+1","Master of Strategy+1","Apotheosis+1","Flame Barrier","Dual Wield+1","Evolve+1"],"max_hp_per_floor":[75,75,75,75,75,75,75,89,89,89,89,89,89,89,89,89,89,89,89,89,89,89,89,89,89,89,89,89,89,89,89,89,89,89,89,89,89,89,89,89,89,89,89,89,89,89,89,89,89,89],"relics":["Burning Blood","NeowsBlessing","Molten Egg 2","Mango","Oddly Smooth Stone","Bottled Lightning","Mark of Pain","Happy Flower","Champion Belt","Dream Catcher","Sozu","Sundial","Dodecahedron","Pantograph","Bag of Preparation"],"card_choices":[{"not_picked":["Dropkick","Twin Strike"],"picked":"Shockwave","floor":1.0},{"not_picked":["Shockwave","Carnage"],"picked":"Body Slam","floor":5.0},{"not_picked":["Shockwave","Twin Strike"],"picked":"Dual Wield","floor":6.0},{"not_picked":["Cleave","Pommel Strike"],"picked":"Impervious","floor":8.0},{"not_picked":["Twin Strike","Feel No Pain"],"picked":"Burning Pact","floor":10.0},{"not_picked":["Clash","Flex"],"picked":"Body Slam","floor":12.0},{"not_picked":["Immolate","Reaper"],"picked":"Exhume","floor":16.0},{"not_picked":["Carnage","Sword Boomerang"],"picked":"Shrug It Off","floor":18.0},{"not_picked":["Dropkick","Heavy Blade"],"picked":"Reckless Charge","floor":19.0},{"not_picked":["Heavy Blade","Combust"],"picked":"Burning Pact","floor":30.0},{"not_picked":["Brutality","Berserk"],"picked":"Juggernaut","floor":33.0},{"not_picked":["Second Wind","Shrug It Off"],"picked":"Body Slam","floor":35},{"not_picked":["Trip","Blind"],"picked":"Master of Strategy","floor":37},{"not_picked":["Dramatic Entrance","Jack Of All Trades"],"picked":"Apotheosis","floor":37},{"not_picked":["Heavy Blade","Rupture"],"picked":"Flame Barrier","floor":41},{"not_picked":["Anger","Bloodletting"],"picked":"Dual Wield","floor":46},{"not_picked":["Thunderclap","Armaments"],"picked":"Evolve","floor":48}],"player_experience":474419,"potions_floor_usage":[50,50],"damage_taken":[{"damage":0.0,"enemies":"Jaw Worm","floor":1.0,"turns":1.0},{"damage":0.0,"enemies":"Cultist","floor":5.0,"turns":1.0},{"damage":0.0,"enemies":"Lagavulin","floor":6.0,"turns":1.0},{"damage":23.0,"enemies":"3 Sentries","floor":8.0,"turns":13.0},{"damage":23.0,"enemies":"Small Slimes","floor":10.0,"turns":5.0},{"damage":22.0,"enemies":"Lagavulin","floor":12.0,"turns":9.0},{"damage":18.0,"enemies":"Hexaghost","floor":16.0,"turns":15.0},{"damage":0.0,"enemies":"3 Byrds","floor":18.0,"turns":8.0},{"damage":24.0,"enemies":"2 Thieves","floor":19.0,"turns":4.0},{"damage":25.0,"enemies":"Centurion and Healer","floor":20.0,"turns":7.0},{"damage":31.0,"enemies":"Slavers","floor":27.0,"turns":12.0},{"damage":30.0,"enemies":"Champ","floor":33.0,"turns":14.0},{"damage":8,"enemies":"3 Darklings","floor":35,"turns":6},{"damage":8,"enemies":"3 Shapes","floor":36,"turns":5},{"damage":9,"enemies":"Mysterious Sphere","floor":39,"turns":4},{"damage":6,"enemies":"2 Orb Walkers","floor":41,"turns":4},{"damage":0,"enemies":"3 Darklings","floor":42,"turns":3},{"damage":14,"enemies":"4 Shapes","floor":44,"turns":7},{"damage":6,"enemies":"Sphere and 2 Shapes","floor":46,"turns":5},{"damage":0,"enemies":"Giant Head","floor":48,"turns":6},{"damage":30,"enemies":"Awakened One","floor":50,"turns":8}],"event_choices":[{"event_name":"Upgrade Shrine","player_choice":"Upgraded","floor":3.0,"damage_taken":0.0},{"event_name":"Transmorgrifier","player_choice":"Transform","floor":4.0,"damage_taken":0.0},{"event_name":"Golden Shrine","player_choice":"Pray","floor":22.0,"damage_taken":0.0},{"event_name":"The Lab","player_choice":"Got Potions","floor":24.0,"damage_taken":0.0},{"event_name":"Upgrade Shrine","player_choice":"Upgraded","floor":28.0,"damage_taken":0.0},{"event_name":"SensoryStone","player_choice":"Memory 2","floor":37,"damage_taken":0},{"event_name":"Mysterious Sphere","player_choice":"Fight","floor":39,"damage_taken":0}],"boss_relics":[],"potions_floor_spawned":[1,8,10,16,18,33,35,39,41,48],"seed_played":"-8341688898109796141","ascension_level":15,"is_trial":false}