{"path_per_floor":["M","$","M","?","M","R","?","M","T","?","M","E","M","M","R"],"character_chosen":"IRONCLAD","items_purchased":["Carnage"],"gold_per_floor":[111,33,47,122,138,138,158,171,171,171,188,219,237,249,249,249],"floor_reached":16,"campfire_rested":1,"playtime":426,"current_hp_per_floor":[72,72,71,60,66,66,28,25,25,27,33,9,7,13,37,0],"items_purged":[],"gold":249,"score":182,"play_id":"af5e99bd-45ac-4d6f-8d8d-b1cba7e772a7","local_time":"20180418003612","is_prod":false,"is_daily":false,"chose_seed":false,"is_ascension_mode":true,"campfire_upgraded":1,"timestamp":1524004572,"path_taken":["M","$","M","?","M","R","?","?","T","?","M","E","?","?","R","BOSS"],"build_version":"2018-04-12","seed_source_timestamp":48604327427472,"purchased_purges":0,"victory":false,"master_deck":["Strike_R","Strike_R","Strike_R","Strike_R","Defend_R","Defend_R","Defend_R","Defend_R","Bash","AscendersBane","Shrug It Off","Carnage+1","Headbutt","Uppercut","Infernal Blade","Battle Trance","Disarm"],"max_hp_per_floor":[75,75,75,75,75,75,75,75,75,82,82,82,82,82,82,82],"relics":["Burning Blood","Odd Mushroom","Matryoshka","Strawberry","Prayer Wheel"],"card_choices":[{"not_picked":["Combust","Iron Wave"],"picked":"Shrug It Off","floor":1},{"not_picked":["Pommel Strike","Havoc"],"picked":"Headbutt","floor":3},{"not_picked":["Reckless Charge","Clash"],"picked":"Uppercut","floor":7},{"not_picked":["Shrug It Off","Iron Wave"],"picked":"Infernal Blade","floor":8},{"not_picked":["Body Slam","Clash"],"picked":"Battle Trance","floor":12},{"not_picked":["Entrench","Clothesline"],"picked":"Disarm","floor":13}],"player_experience":434652,"potions_floor_usage":[12,12,16],"damage_taken":[{"damage":2,"enemies":"2 Louse","floor":1,"turns":4},{"damage":7,"enemies":"Jaw Worm","floor":3,"turns":3},{"damage":0,"enemies":"Cultist","floor":5,"turns":2},{"damage":44,"enemies":"The Mushroom Lair","floor":7,"turns":5},{"damage":9,"enemies":"Looter","floor":8,"turns":3},{"damage":0,"enemies":"3 Louse","floor":11,"turns":3},{"damage":30,"enemies":"Lagavulin","floor":12,"turns":5},{"damage":8,"enemies":"Exordium Wildlife","floor":13,"turns":2},{"damage":0,"enemies":"Exordium Thugs","floor":14,"turns":3},{"damage":37,"enemies":"Hexaghost","floor":16,"turns":9}],"event_choices":[{"event_name":"World of Goop","player_choice":"Gather Gold","floor":4,"damage_taken":0},{"event_name":"Mushrooms","player_choice":"Fought Mushrooms","floor":7,"damage_taken":0},{"event_name":"Scrap Ooze","player_choice":"success","floor":10,"damage_taken":5}],"boss_relics":[],"potions_floor_spawned":[5,7,8,12,13],"seed_played":"570610536607019754","killed_by":"Hexaghost","ascension_level":15,"is_trial":false}