{"path_per_floor":["M","?","?","$","T","E","R","M","T","?","M","R","$","?","R","B",null,"M","?","?","M","?","R","$","R","T","$","E","M","M","?","R","B",null,"M","$","M"],"character_chosen":"THE_SILENT","items_purchased":["Apotheosis","Shuriken"],"gold_per_floor":[114,114,114,39,110,144,144,156,233,233,243,243,46,46,46,148,148,165,165,255,274,274,274,20,20,20,20,55,67,83,83,83,181,181,198,98,108],"floor_reached":38,"campfire_rested":1,"playtime":2401,"current_hp_per_floor":[70,70,70,70,70,13,13,24,24,17,29,29,29,11,11,40,70,60,60,46,46,46,46,46,67,77,77,72,69,69,69,69,43,80,59,59,59],"items_purged":["Defend_G","Defend_G"],"gold":108,"play_id":"300259ff-33e0-42da-b3ac-c66914c86630","is_prod":false,"is_daily":false,"campfire_rituals":0,"campfire_upgraded":5,"is_hardmode":false,"path_taken":["M","?","?","$","?","E","R","?","T","?","M","R","$","?","R","BOSS","M","?","?","M","?","R","$","R","T","?","E","?","M","?","R","BOSS","M","?","M","?"],"build_version":"2018-01-01-BETA1","purchased_purges":2,"victory":false,"master_deck":["Defend_G","Defend_G","Defend_G","Strike_G","Strike_G","Survivor","Neutralize","Sucker Punch","Envenom","Apotheosis","Cloak And Dagger","Accuracy","Flying Knee","Quick Slash","PiercingWail","Bane","Envenom","Escape Plan","Flying Knee"],"max_hp_per_floor":[70,70,70,70,70,70,70,70,70,70,70,70,70,70,70,70,70,70,70,70,70,70,70,70,70,80,80,80,80,80,80,80,80,80,80,80,80],"relics":["Philosopher\u0027s Stone","Meat on the Bone","Mummified Hand","Toolbox","Pantograph","The Specimen","Shuriken","Pear","Darkstone Periapt","Orrery"],"campfire_meditates":0,"card_choices":[{"not_picked":["Bane","Backflip"],"picked":"Sucker Punch"},{"not_picked":["Flying Knee","Quick Slash"],"picked":"Envenom"},{"not_picked":["Sucker Punch","Malaise"],"picked":"Cloak And Dagger"},{"not_picked":["Backflip","Poisoned Stab"],"picked":"Flying Knee"},{"not_picked":["Catalyst","Deadly Poison"],"picked":"Quick Slash"},{"not_picked":["Prepared","Endless Agony"],"picked":"PiercingWail"},{"not_picked":["Expertise","Dodge and Roll"],"picked":"Bane"},{"not_picked":["Wraith Form","Bullet Time"],"picked":"Envenom"},{"not_picked":["Poisoned Stab","Slice"],"picked":"Escape Plan"},{"not_picked":["Acrobatics","Dagger Spray"],"picked":"Flying Knee"}],"player_experience":296023,"potions_floor_usage":[28,38,38],"damage_taken":[{"damage":0,"enemies":"Small Slimes","floor":1,"turns":3},{"damage":69,"enemies":"3 Sentries","floor":6,"turns":14},{"damage":1,"enemies":"Cultist","floor":8,"turns":4},{"damage":0,"enemies":"2 Louse","floor":11,"turns":3},{"damage":8,"enemies":"The Guardian","floor":16,"turns":9},{"damage":10,"enemies":"Spheric Guardian","floor":18,"turns":6},{"damage":0,"enemies":"Shell Parasite","floor":21,"turns":7},{"damage":5,"enemies":"Book of Stabbing","floor":28,"turns":5},{"damage":3,"enemies":"3 Cultists","floor":29,"turns":5},{"damage":0,"enemies":"Snecko","floor":30,"turns":5},{"damage":37,"enemies":"Automaton","floor":33,"turns":9},{"damage":21,"enemies":"Orb Walker","floor":35,"turns":5},{"damage":0,"enemies":"3 Darklings","floor":37,"turns":4},{"damage":66,"enemies":"Mysterious Sphere","floor":38,"turns":7}],"event_choices":[{"event_name":"Liars Game","player_choice":"disagreed","floor":2,"damage_taken":0},{"event_name":"Living Wall","player_choice":"Forget","floor":3,"damage_taken":0},{"event_name":"Golden Wing","player_choice":"Card Removal","floor":10,"damage_taken":0},{"event_name":"Scrap Ooze","player_choice":"success","floor":14,"damage_taken":18},{"event_name":"The Library","player_choice":"Read","floor":19,"damage_taken":0},{"event_name":"Knowing Skull","player_choice":"GOLD ","floor":20,"damage_taken":0},{"event_name":"Bonfire Elementals","player_choice":"ATTACK","floor":22,"damage_taken":0},{"event_name":"Transmorgrifier","player_choice":"Skipped","floor":31,"damage_taken":0},{"event_name":"Mysterious Sphere","player_choice":"Fight","floor":38,"damage_taken":0}],"boss_relics":[{"not_picked":["Pandora\u0027s Box","Tiny House"],"picked":"The Specimen"},{"not_picked":["Runic Pyramid","Eternal Feather"],"picked":"Orrery"}],"potions_floor_spawned":[16,21,33],"seed_played":"-3533022483439340219","killed_by":"Mysterious Sphere","is_trial":false}