{"path_per_floor":["M","M","?","$","M","R","E","?","T","M","$","R","E","M","R","B"],"character_chosen":"THE_SILENT","items_purchased":["Anchor"],"gold_per_floor":[114,132,132,57,76,76,111,186,241,256,7,7,50,74,74,200],"floor_reached":17,"campfire_rested":0,"playtime":754,"current_hp_per_floor":[70,70,67,67,67,67,57,46,46,46,46,46,46,46,46,24],"items_purged":["Strike_G","Strike_G"],"gold":200,"play_id":"72dfb7fc-7959-43e0-821f-a203b8aca449","is_prod":false,"is_daily":false,"campfire_rituals":0,"campfire_upgraded":3,"is_hardmode":false,"path_taken":["M","M","?","$","M","R","E","?","T","M","$","R","E","M","R","BOSS"],"build_version":"2018-01-01-BETA1","purchased_purges":2,"victory":false,"master_deck":["Defend_G","Defend_G","Defend_G","Defend_G","Defend_G","Strike_G","Strike_G","Strike_G","Survivor","Neutralize","Bane","Dagger Spray","Backflip","Quick Slash","Flying Knee","Leg Sweep","Tactician"],"max_hp_per_floor":[70,70,67,67,67,67,74,74,74,74,74,74,74,74,74,74],"relics":["Velvet Choker","Golden Idol","Strawberry","Tiny Chest","Anchor","Gremlin Horn","Philosopher\u0027s Stone"],"campfire_meditates":0,"card_choices":[{"not_picked":["Prepared","Dagger Throw"],"picked":"Bane"},{"not_picked":["Deflect","Expertise"],"picked":"Dagger Spray"},{"not_picked":["Concentrate","Dodge and Roll"],"picked":"Backflip"},{"not_picked":["Dodge and Roll","Dagger Throw"],"picked":"Quick Slash"},{"not_picked":["Backflip","Slice"],"picked":"Flying Knee"},{"not_picked":["Calculated Gamble","Bane"],"picked":"Leg Sweep"},{"not_picked":["Phantasmal Killer","Grand Finale"],"picked":"Tactician"}],"player_experience":266269,"potions_floor_usage":[7,13],"damage_taken":[{"damage":0,"enemies":"Blue Slaver","floor":1,"turns":5},{"damage":0,"enemies":"Small Slimes","floor":2,"turns":3},{"damage":0,"enemies":"2 Louse","floor":5,"turns":2},{"damage":32,"enemies":"Lagavulin","floor":7,"turns":9},{"damage":0,"enemies":"Exordium Thugs","floor":10,"turns":4},{"damage":0,"enemies":"Gremlin Nob","floor":13,"turns":3},{"damage":0,"enemies":"3 Louse","floor":14,"turns":2},{"damage":22,"enemies":"The Guardian","floor":16,"turns":13}],"event_choices":[{"event_name":"Golden Idol","player_choice":"Lose Max HP","floor":3,"damage_taken":0},{"event_name":"World of Goop","player_choice":"Gather Gold","floor":8,"damage_taken":0}],"boss_relics":[{"not_picked":["The Specimen","Lizard Tail"],"picked":"Philosopher\u0027s Stone"}],"potions_floor_spawned":[2,7,13],"seed_played":"7339751038893790697","is_trial":false}