{"path_per_floor":["M","?","M","M","$","R","M","M","T","E","?","$","M","$","R","B",null,"M","?","?","?","M","M","E","R","T","E","R","?","R","M","R","B",null,"M","?","$","M","$","R","M","M","T","M","R","E","M","M","R"],"character_chosen":"THE_SILENT","items_purchased":["Bottled Lightning"],"gold_per_floor":[109,109,122,133,58,58,74,92,92,123,123,23,46,46,46,169,169,187,187,102,102,122,142,173,173,173,208,208,208,208,221,221,322,322,337,337,45,56,6,6,20,34,34,46,46,77,93,113,113],"floor_reached":50,"campfire_rested":0,"playtime":2673,"current_hp_per_floor":[70,70,70,69,69,69,58,58,58,38,38,38,38,38,38,11,67,67,51,58,58,59,59,45,51,51,46,52,52,60,65,73,51,74,74,74,74,71,71,74,73,63,63,68,74,65,61,66,74],"items_purged":["Strike_G","Strike_G","Strike_G","Prepared"],"gold":113,"play_id":"20b413a4-dc8a-4a0a-ae63-73b0689eaaf2","is_prod":false,"is_daily":false,"campfire_rituals":0,"campfire_upgraded":9,"is_hardmode":false,"path_taken":["M","?","M","M","$","R","M","M","T","E","?","$","M","?","R","BOSS","M","?","?","?","M","M","E","R","T","E","R","?","R","?","R","BOSS","M","?","$","M","?","R","M","?","T","M","R","E","M","M","R","BOSS"],"build_version":"2018-01-01-BETA1","purchased_purges":4,"victory":false,"master_deck":["Defend_G","Defend_G","Defend_G","Defend_G","Strike_G","Strike_G","Survivor","Neutralize","Backflip","Flying Knee","Flying Knee","Dagger Throw","Dagger Throw","Flying Knee","Tactician","Sucker Punch","Finisher","Quick Slash","Terror","Quick Slash","Tactician","Heel Hook","Endless Agony"],"max_hp_per_floor":[70,70,70,70,70,70,70,70,70,70,67,67,67,67,67,67,67,67,67,74,74,74,74,74,74,74,74,74,74,74,74,74,74,74,74,74,74,74,74,74,74,74,74,74,74,84,84,84,84],"relics":["Velvet Choker","Bag of Preparation","Kunai","Bloody Idol","Eternal Feather","Enchiridion","Strawberry","Whetstone","Smiling Mask","Vajra","Black Star","Bottled Lightning","Juzu Bracelet","Pear","Pantograph"],"campfire_meditates":0,"card_choices":[{"not_picked":["Eviscerate","Phantasmal Killer"],"picked":"Backflip"},{"not_picked":["Deadly Poison","Slice"],"picked":"Flying Knee"},{"not_picked":["Bane","Backflip"],"picked":"Flying Knee"},{"not_picked":["Outmaneuver","Reflex"],"picked":"Dagger Throw"},{"not_picked":["Underhanded Strike","PiercingWail"],"picked":"Dagger Throw"},{"not_picked":["Wraith Form","PiercingWail"],"picked":"Flying Knee"},{"not_picked":["Adrenaline","Phantasmal Killer"],"picked":"Tactician"},{"not_picked":["PiercingWail","Noxious Fumes"],"picked":"Sucker Punch"},{"not_picked":["Flying Knee","Choke"],"picked":"Finisher"},{"not_picked":["Distraction","Infinite Blades"],"picked":"Quick Slash"},{"not_picked":["Flying Knee","Backflip"],"picked":"Quick Slash"},{"not_picked":["Burst","Venomology"],"picked":"Tactician"},{"not_picked":["Bouncing Flask","PiercingWail"],"picked":"Prepared"},{"not_picked":["Dagger Throw","Deadly Poison"],"picked":"Heel Hook"},{"not_picked":["Underhanded Strike","Outmaneuver"],"picked":"Endless Agony"}],"player_experience":298424,"potions_floor_usage":[18,24,27,48],"damage_taken":[{"damage":0,"enemies":"Small Slimes","floor":1,"turns":6},{"damage":0,"enemies":"Cultist","floor":3,"turns":4},{"damage":1,"enemies":"Jaw Worm","floor":4,"turns":4},{"damage":11,"enemies":"Large Slime","floor":7,"turns":7},{"damage":0,"enemies":"Exordium Wildlife","floor":8,"turns":5},{"damage":20,"enemies":"3 Sentries","floor":10,"turns":6},{"damage":0,"enemies":"Looter","floor":13,"turns":2},{"damage":27,"enemies":"The Guardian","floor":16,"turns":9},{"damage":0,"enemies":"Spheric Guardian","floor":18,"turns":3},{"damage":4,"enemies":"Chosen","floor":22,"turns":4},{"damage":5,"enemies":"Centurion and Healer","floor":23,"turns":6},{"damage":19,"enemies":"Slavers","floor":24,"turns":7},{"damage":10,"enemies":"Gremlin Leader","floor":27,"turns":8},{"damage":0,"enemies":"Snecko","floor":31,"turns":2},{"damage":27,"enemies":"Collector","floor":33,"turns":9},{"damage":2,"enemies":"Orb Walker","floor":35,"turns":3},{"damage":8,"enemies":"3 Darklings","floor":38,"turns":6},{"damage":6,"enemies":"Spire Growth","floor":41,"turns":4},{"damage":15,"enemies":"Maw","floor":42,"turns":6},{"damage":0,"enemies":"Flame Bruiser 2 Orb","floor":44,"turns":5},{"damage":24,"enemies":"2 Orb Walkers","floor":46,"turns":6},{"damage":9,"enemies":"3 Darklings","floor":47,"turns":5},{"damage":0,"enemies":"Spire Growth","floor":48,"turns":4},{"damage":98,"enemies":"Donu and Deca","floor":50,"turns":8}],"event_choices":[{"event_name":"Living Wall","player_choice":"Forget","floor":2,"damage_taken":0},{"event_name":"Golden Idol","player_choice":"Lose Max HP","floor":11,"damage_taken":0},{"event_name":"Cursed Tome","player_choice":"Obtained Book","floor":19,"damage_taken":0},{"event_name":"Addict","player_choice":"Obtained Relic","floor":20,"damage_taken":0},{"event_name":"Forgotten Altar","player_choice":"Gave Idol","floor":21,"damage_taken":0},{"event_name":"The Library","player_choice":"Read","floor":29,"damage_taken":0},{"event_name":"Transmorgrifier","player_choice":"Skipped","floor":36,"damage_taken":0}],"boss_relics":[{"not_picked":["Question Card","Runic Pyramid"],"picked":"Eternal Feather"},{"not_picked":["Pandora\u0027s Box","Philosopher\u0027s Stone"],"picked":"Black Star"}],"potions_floor_spawned":[1,8,16,22,24,31,35,41,42,44,47],"seed_played":"4796693181654474997","killed_by":"Donu and Deca","is_trial":false}