{"path_per_floor":["M","M","$","?","$","R","M","M","T","R","M","R","$","?","R","B",null,"M","?","M","$","?","R","M","R","T","?","M","?","R","?","R","B",null,"M","?","?","?","M","R","M","R","T","M","R","$","M","M","R","B"],"character_chosen":"THE_SILENT","items_purchased":[],"gold_per_floor":[115,126,51,51,51,51,66,90,90,90,115,115,15,15,15,145,145,168,168,193,68,68,68,81,81,81,6,29,29,29,29,29,157,157,175,538,538,871,886,886,898,898,898,916,916,766,779,794,794,794],"floor_reached":51,"campfire_rested":0,"playtime":2956,"current_hp_per_floor":[67,67,67,67,67,67,67,67,67,67,67,67,67,67,67,37,67,67,67,58,58,58,58,67,67,67,67,67,67,67,67,67,67,67,65,48,48,48,54,54,58,58,58,62,62,62,67,67,67,67],"items_purged":["Strike_G","Strike_G","Strike_G","Defend_G"],"gold":794,"play_id":"ee64b815-ad02-441a-826e-f916022f3fdf","is_prod":false,"is_daily":false,"campfire_rituals":0,"campfire_upgraded":12,"is_hardmode":false,"path_taken":["M","M","$","?","?","R","M","M","T","R","M","R","$","?","R","BOSS","M","?","M","$","?","R","?","R","T","?","M","?","R","?","R","BOSS","M","?","?","?","M","R","?","R","T","M","R","$","M","M","R","BOSS"],"build_version":"2018-01-05-BETA1","purchased_purges":4,"victory":true,"master_deck":["Defend_G","Survivor","Neutralize","Backflip","Flying Knee","Quick Slash","After Image","A Thousand Cuts","Dagger Throw","After Image","Tactician","Prepared","Acrobatics"],"max_hp_per_floor":[70,70,70,67,67,67,67,67,67,67,67,67,67,67,67,67,67,67,67,67,67,67,67,67,67,67,67,67,67,67,67,67,67,67,67,67,67,67,67,67,67,67,67,67,67,67,67,67,67,67],"relics":["Ring of the Snake","Orichalcum","Ornamental Fan","Runic Dome","Bird Faced Urn","Black Star","Old Coin","Du-Vu Doll"],"campfire_meditates":0,"card_choices":[{"not_picked":["Prepared","Deflect"],"picked":"Backflip"},{"not_picked":["Quick Slash","Masterful Stab"],"picked":"Flying Knee"},{"not_picked":["Flechettes","Leg Sweep"],"picked":"Quick Slash"},{"not_picked":["Bane","Choke"],"picked":"After Image"},{"not_picked":["Envenom","Phantasmal Killer"],"picked":"A Thousand Cuts"},{"not_picked":["Slice","Malaise"],"picked":"Dagger Throw"},{"not_picked":["Bullet Time","Adrenaline"],"picked":"Tactician"},{"not_picked":["Dash","Finisher"],"picked":"Prepared"},{"not_picked":["Underhanded Strike","Quick Slash"],"picked":"Acrobatics"}],"player_experience":339432,"potions_floor_usage":[24,36,39],"damage_taken":[{"damage":3,"enemies":"Cultist","floor":1,"turns":4},{"damage":0,"enemies":"2 Louse","floor":2,"turns":3},{"damage":0,"enemies":"Small Slimes","floor":7,"turns":4},{"damage":0,"enemies":"2 Fungi Beasts","floor":8,"turns":4},{"damage":0,"enemies":"Large Slime","floor":11,"turns":9},{"damage":30,"enemies":"Slime Boss","floor":16,"turns":18},{"damage":0,"enemies":"Spheric Guardian","floor":18,"turns":4},{"damage":9,"enemies":"3 Byrds","floor":20,"turns":5},{"damage":0,"enemies":"Snake Plant","floor":24,"turns":4},{"damage":0,"enemies":"Chosen and Byrds","floor":28,"turns":5},{"damage":0,"enemies":"Automaton","floor":33,"turns":9},{"damage":2,"enemies":"3 Shapes","floor":35,"turns":5},{"damage":19,"enemies":"Mysterious Sphere","floor":36,"turns":5},{"damage":0,"enemies":"Flame Bruiser 1 Orb","floor":39,"turns":5},{"damage":2,"enemies":"Spire Growth","floor":41,"turns":5},{"damage":2,"enemies":"Flame Bruiser 2 Orb","floor":44,"turns":7},{"damage":0,"enemies":"Maw","floor":47,"turns":2},{"damage":0,"enemies":"4 Shapes","floor":48,"turns":1},{"damage":0,"enemies":"Awakened One","floor":50,"turns":3}],"event_choices":[{"event_name":"Golden Idol","player_choice":"Lose Max HP","floor":4,"damage_taken":0},{"event_name":"Living Wall","player_choice":"Forget","floor":14,"damage_taken":0},{"event_name":"Bonfire Elementals","player_choice":"SKILL","floor":19,"damage_taken":0},{"event_name":"Addict","player_choice":"Ignored","floor":22,"damage_taken":0},{"event_name":"Beggar","player_choice":"Gave Gold","floor":27,"damage_taken":0},{"event_name":"Duplicator","player_choice":"One dupe","floor":29,"damage_taken":0},{"event_name":"Back to Basics","player_choice":"Elegance","floor":31,"damage_taken":0},{"event_name":"Mysterious Sphere","player_choice":"Fight","floor":36,"damage_taken":0},{"event_name":"The Moai Head","player_choice":"Gave Idol","floor":38,"damage_taken":0}],"boss_relics":[{"not_picked":["Lizard Tail","Tiny House"],"picked":"Runic Dome"},{"not_picked":["Orrery","The Specimen"],"picked":"Black Star"}],"potions_floor_spawned":[7,8,20,24,33,41,47,48],"seed_played":"8225613123932489009","is_trial":false}