{"path_per_floor":["M","M","?","M","M","R","M","R","T","M","T","M","?","?","R","B",null,"M","M","$","M","?","R","?","R","T","R","M","T","?"],"character_chosen":"THE_SILENT","items_purchased":["Gambling Chip"],"gold_per_floor":[119,130,130,150,169,169,182,182,182,196,223,242,242,242,242,371,371,394,408,44,62,62,62,62,62,62,62,74,74,74],"floor_reached":31,"campfire_rested":0,"playtime":1894,"current_hp_per_floor":[54,52,52,52,52,52,52,52,52,52,52,51,60,60,60,28,60,54,42,42,30,30,30,30,30,30,30,13,13,13],"items_purged":["Strike_G"],"gold":74,"play_id":"4c23f940-3a1d-45b5-aef7-0058e9cd71f2","is_prod":false,"is_daily":false,"campfire_rituals":0,"campfire_upgraded":6,"is_hardmode":false,"path_taken":["M","M","?","M","?","R","M","R","T","M","?","M","?","?","R","BOSS","M","M","?","M","?","R","?","R","T","R","M","?","?","?"],"build_version":"2018-01-02-BETA1","purchased_purges":1,"victory":false,"master_deck":["Defend_G","Defend_G","Defend_G","Defend_G","Strike_G","Strike_G","Strike_G","Survivor","Neutralize","Quick Slash","Footwork","Well Laid Plans","Calculated Gamble","Burst","Acrobatics","Prepared","Prepared"],"max_hp_per_floor":[63,63,60,60,60,60,60,60,60,60,60,60,60,60,60,60,60,60,60,60,60,60,60,60,60,60,60,60,60,60],"relics":["Ring of the Snake","Bloody Idol","Sundial","Art of War","White Beast Statue","Gambling Chip","Oddly Smooth Stone","Ginger"],"campfire_meditates":0,"card_choices":[{"not_picked":["Finisher","Well Laid Plans"],"picked":"Quick Slash"},{"not_picked":["Dagger Spray","Slice"],"picked":"Footwork"},{"not_picked":["Deflect","Footwork"],"picked":"Well Laid Plans"},{"not_picked":["Deadly Poison","Phantasmal Killer"],"picked":"Calculated Gamble"},{"not_picked":["Doppelganger","Night Terror"],"picked":"Burst"},{"not_picked":["Heel Hook","Outmaneuver"],"picked":"Acrobatics"},{"not_picked":["Flechettes","Outmaneuver"],"picked":"Prepared"},{"not_picked":["Distraction","Deadly Poison"],"picked":"Prepared"}],"player_experience":306135,"potions_floor_usage":[7,18,18],"damage_taken":[{"damage":9,"enemies":"Jaw Worm","floor":1,"turns":8},{"damage":2,"enemies":"Small Slimes","floor":2,"turns":4},{"damage":0,"enemies":"Blue Slaver","floor":4,"turns":5},{"damage":0,"enemies":"2 Fungi Beasts","floor":5,"turns":4},{"damage":0,"enemies":"Red Slaver","floor":7,"turns":4},{"damage":0,"enemies":"Exordium Thugs","floor":10,"turns":7},{"damage":1,"enemies":"Large Slime","floor":12,"turns":9},{"damage":32,"enemies":"The Guardian","floor":16,"turns":13},{"damage":15,"enemies":"3 Byrds","floor":18,"turns":8},{"damage":12,"enemies":"Spheric Guardian","floor":19,"turns":8},{"damage":12,"enemies":"Snecko","floor":21,"turns":7},{"damage":22,"enemies":"Slaver and Parasite","floor":28,"turns":13},{"damage":10,"enemies":"Centurion and Healer","floor":31,"turns":3}],"event_choices":[{"event_name":"Golden Idol","player_choice":"Lose Max HP","floor":3,"damage_taken":0},{"event_name":"Wheel of Change","player_choice":"Full Heal","floor":13,"damage_taken":0},{"event_name":"Upgrade Shrine","player_choice":"Upgraded","floor":14,"damage_taken":0},{"event_name":"Addict","player_choice":"Ignored","floor":22,"damage_taken":0},{"event_name":"Forgotten Altar","player_choice":"Gave Idol","floor":24,"damage_taken":0},{"event_name":"Cursed Tome","player_choice":"Ignored","floor":30,"damage_taken":0}],"boss_relics":[{"not_picked":["Pandora\u0027s Box","Eternal Feather"],"picked":"White Beast Statue"}],"potions_floor_spawned":[4,5,12,18,19,21,28],"seed_played":"-2410366651399391927","killed_by":"Centurion and Healer","is_trial":false}