{"path_per_floor":["M","$","M","M","M","E","R","?","T","R","?","R","?","M","R","B",null,"M","$","M","M","M","R","M","M","T","E","$","?","?","M","R","B",null,"M","M","?","?","$","R","M","?","T","M","R","M","M","M","R","B"],"character_chosen":"THE_SILENT","items_purchased":["Blur","Outmaneuver"],"gold_per_floor":[216,141,158,171,181,210,210,210,210,210,187,187,215,229,229,325,325,343,165,185,195,212,212,224,240,240,270,121,121,121,134,134,239,239,258,274,274,274,124,124,134,134,134,154,154,174,188,206,206,206],"floor_reached":51,"campfire_rested":2,"playtime":3594,"current_hp_per_floor":[65,65,65,64,64,34,34,20,20,20,20,20,4,4,25,18,70,70,70,68,68,56,56,46,44,44,38,38,38,38,38,38,36,80,76,69,69,69,69,69,66,56,56,55,55,47,39,38,62,44],"items_purged":["Strike_G","Strike_G","Defend_G","Pain"],"gold":206,"play_id":"220131a4-dc88-4b70-bd2b-ca4cd2b9b6e8","is_prod":false,"is_daily":false,"campfire_rituals":0,"campfire_upgraded":4,"is_hardmode":false,"path_taken":["M","$","M","M","M","E","R","?","T","R","?","R","?","M","R","BOSS","M","?","M","?","M","R","M","M","T","E","$","?","?","M","R","BOSS","M","M","?","?","$","R","M","?","T","M","R","M","M","M","R","BOSS"],"build_version":"2018-01-11-BETA2","purchased_purges":5,"victory":true,"master_deck":["Defend_G","Defend_G","Defend_G","Defend_G","Strike_G","Strike_G","Survivor","Neutralize","Predator","Backflip","Flying Knee","Terror","Sucker Punch","Bullet Time","Blur","Well Laid Plans","Quick Slash","Quick Slash","Outmaneuver","Finesse","Leg Sweep","Concentrate","Dagger Throw","Madness","Madness","Sucker Punch","Malaise"],"max_hp_per_floor":[70,70,70,70,70,70,70,70,70,70,70,70,70,70,70,70,70,70,70,70,70,70,70,70,70,70,80,80,80,80,80,80,80,80,80,80,80,80,80,80,80,80,80,80,80,80,80,80,80,80],"relics":["Ring of the Snake","Vajra","Girya","Odd Mushroom","Cursed Key","Pear","Orrery"],"campfire_meditates":0,"card_choices":[{"not_picked":["Doppelganger","Dagger Spray"],"picked":"Predator"},{"not_picked":["Acrobatics","Deflect"],"picked":"Backflip"},{"not_picked":["PiercingWail","Acrobatics"],"picked":"Flying Knee"},{"not_picked":["Accuracy","Caltrops"],"picked":"Terror"},{"not_picked":["Concentrate","Riddle With Holes"],"picked":"Sucker Punch"},{"not_picked":["Burst","After Image"],"picked":"Bullet Time"},{"not_picked":["PiercingWail","Dodge and Roll"],"picked":"Well Laid Plans"},{"not_picked":["Bouncing Flask","Footwork"],"picked":"Quick Slash"},{"not_picked":["Crippling Poison","Bullet Time"],"picked":"Quick Slash"},{"not_picked":["Poisoned Stab","Riddle With Holes"],"picked":"Dagger Throw"},{"not_picked":["PiercingWail","Night Terror"],"picked":"Sucker Punch"},{"not_picked":["Accuracy","Acrobatics"],"picked":"Malaise"}],"player_experience":152381,"potions_floor_usage":[14,20,33,44,48],"damage_taken":[{"damage":5,"enemies":"2 Louse","floor":1,"turns":4},{"damage":0,"enemies":"Small Slimes","floor":3,"turns":3},{"damage":1,"enemies":"Blue Slaver","floor":4,"turns":5},{"damage":0,"enemies":"Large Slime","floor":5,"turns":5},{"damage":30,"enemies":"Gremlin Nob","floor":6,"turns":4},{"damage":16,"enemies":"The Mushroom Lair","floor":13,"turns":5},{"damage":0,"enemies":"Exordium Wildlife","floor":14,"turns":3},{"damage":7,"enemies":"Hexaghost","floor":16,"turns":7},{"damage":0,"enemies":"3 Byrds","floor":18,"turns":5},{"damage":2,"enemies":"2 Thieves","floor":20,"turns":3},{"damage":0,"enemies":"Snecko","floor":21,"turns":5},{"damage":12,"enemies":"3 Cultists","floor":22,"turns":6},{"damage":10,"enemies":"Snake Plant","floor":24,"turns":3},{"damage":2,"enemies":"Centurion and Healer","floor":25,"turns":4},{"damage":16,"enemies":"Book of Stabbing","floor":27,"turns":5},{"damage":0,"enemies":"3 Cultists","floor":31,"turns":5},{"damage":2,"enemies":"Automaton","floor":33,"turns":10},{"damage":4,"enemies":"Orb Walker","floor":35,"turns":3},{"damage":7,"enemies":"Flame Bruiser 1 Orb","floor":36,"turns":6},{"damage":3,"enemies":"Sphere and 2 Shapes","floor":41,"turns":6},{"damage":1,"enemies":"Flame Bruiser 2 Orb","floor":44,"turns":4},{"damage":8,"enemies":"Maw","floor":46,"turns":6},{"damage":8,"enemies":"3 Darklings","floor":47,"turns":9},{"damage":1,"enemies":"Flame Bruiser 2 Orb","floor":48,"turns":5},{"damage":18,"enemies":"Awakened One","floor":50,"turns":15}],"event_choices":[{"event_name":"Shining Light","player_choice":"Entered Light","floor":8,"damage_taken":0},{"event_name":"World of Goop","player_choice":"Left","floor":11,"damage_taken":0},{"event_name":"Mushrooms","player_choice":"Fought Mushrooms","floor":13,"damage_taken":0},{"event_name":"Match and Keep!","player_choice":"2 cards matched","floor":29,"damage_taken":0},{"event_name":"Transmorgrifier","player_choice":"Transform","floor":30,"damage_taken":0},{"event_name":"Mysterious Sphere","player_choice":"Ignore","floor":37,"damage_taken":0},{"event_name":"Tomb of Lord Red Mask","player_choice":"Ignored","floor":38,"damage_taken":0},{"event_name":"Winding Halls","player_choice":"Embrace Madness","floor":42,"damage_taken":0}],"boss_relics":[{"not_picked":["Runic Pyramid","The Specimen"],"picked":"Cursed Key"},{"not_picked":["Astrolabe","Velvet Choker"],"picked":"Orrery"}],"potions_floor_spawned":[1,6,16,20,27,33,41,46,47,48],"seed_played":"-4966155306649849792","is_trial":false}