{"path_per_floor":["M","?","?","M","M","R","M","R","T","$","M","R","M","$","R","B",null,"M","?","?","M","M","R","M","?","T","R","?","R","?","M","R"],"character_chosen":"THE_SILENT","items_purchased":["Bandage Up"],"gold_per_floor":[114,189,189,206,219,219,232,232,232,182,197,197,207,59,59,162,162,182,182,97,114,133,133,145,145,219,219,219,219,219,235,235],"floor_reached":33,"campfire_rested":0,"playtime":1784,"current_hp_per_floor":[63,52,52,50,50,50,50,50,50,50,47,47,47,47,47,18,63,63,63,63,63,48,48,31,22,22,22,22,22,22,26,26],"items_purged":["Strike_G","Defend_G"],"gold":235,"play_id":"52a37612-48e7-4bc6-a033-8f1d9be3e007","is_prod":false,"is_daily":false,"campfire_rituals":0,"campfire_upgraded":8,"is_hardmode":false,"path_taken":["M","?","?","M","M","R","M","R","T","$","M","R","M","$","R","BOSS","M","?","?","M","M","R","M","?","T","R","?","R","?","M","R","BOSS"],"build_version":"2018-01-04-BETA1","purchased_purges":3,"victory":false,"master_deck":["Defend_G","Defend_G","Defend_G","Strike_G","Survivor","Neutralize","Dagger Throw","Bandage Up","Adrenaline","Quick Slash","Backflip","Acrobatics"],"max_hp_per_floor":[63,63,63,63,63,63,63,63,63,63,63,63,63,63,63,63,63,63,63,63,63,63,63,63,68,68,68,68,68,68,68,68],"relics":["Ring of the Snake","Smiling Mask","Sozu","Pantograph","Tough Bandages"],"campfire_meditates":0,"card_choices":[{"not_picked":["Slice","Cloak And Dagger"],"picked":"Dagger Throw"},{"not_picked":["A Thousand Cuts","Die Die Die"],"picked":"Adrenaline"},{"not_picked":["Wraith Form","Expertise"],"picked":"Quick Slash"},{"not_picked":["All Out Attack","Bane"],"picked":"Backflip"},{"not_picked":["Slice","Backflip"],"picked":"Acrobatics"}],"player_experience":335913,"potions_floor_usage":[],"damage_taken":[{"damage":0,"enemies":"2 Louse","floor":1,"turns":3},{"damage":2,"enemies":"Small Slimes","floor":4,"turns":5},{"damage":0,"enemies":"Cultist","floor":5,"turns":4},{"damage":0,"enemies":"2 Fungi Beasts","floor":7,"turns":4},{"damage":3,"enemies":"Large Slime","floor":11,"turns":7},{"damage":0,"enemies":"3 Louse","floor":13,"turns":3},{"damage":33,"enemies":"The Guardian","floor":16,"turns":15},{"damage":2,"enemies":"Shell Parasite","floor":18,"turns":9},{"damage":2,"enemies":"3 Byrds","floor":21,"turns":8},{"damage":17,"enemies":"Snake Plant","floor":22,"turns":8},{"damage":21,"enemies":"Snecko","floor":24,"turns":6},{"damage":0,"enemies":"3 Cultists","floor":31,"turns":5},{"damage":65,"enemies":"Champ","floor":33,"turns":21}],"event_choices":[{"event_name":"World of Goop","player_choice":"Gather Gold","floor":2,"damage_taken":0},{"event_name":"Living Wall","player_choice":"Forget","floor":3,"damage_taken":0},{"event_name":"Vampires","player_choice":"Ignored","floor":19,"damage_taken":0},{"event_name":"Addict","player_choice":"Obtained Relic","floor":20,"damage_taken":0},{"event_name":"Forgotten Altar","player_choice":"Shed Blood","floor":25,"damage_taken":0},{"event_name":"Back to Basics","player_choice":"Elegance","floor":28,"damage_taken":0},{"event_name":"Upgrade Shrine","player_choice":"Upgraded","floor":30,"damage_taken":0}],"boss_relics":[{"not_picked":["Orrery","Tiny House"],"picked":"Sozu"}],"potions_floor_spawned":[7,11,16,21,22],"seed_played":"3717801694440431262","killed_by":"Champ","is_trial":false}