{"path_per_floor":["M","M","?","M","M","R","M","R","T","R","?","R","M","M","R","B",null,"M","$","?","M","?","R"],"character_chosen":"THE_SILENT","items_purchased":[],"gold_per_floor":[14,28,28,41,59,59,72,72,72,72,72,72,87,98,98,195,225,239,164,164,176,176,176],"floor_reached":24,"campfire_rested":0,"playtime":1885,"current_hp_per_floor":[70,70,70,68,68,68,68,68,68,68,68,68,62,60,60,17,75,75,75,75,66,66,66],"items_purged":["Strike_G"],"gold":176,"play_id":"c3ef203f-513a-48cf-b8ad-eedbfabc6ba8","is_prod":false,"is_daily":false,"campfire_rituals":0,"campfire_upgraded":6,"is_hardmode":false,"path_taken":["M","M","?","M","M","R","?","R","T","R","?","R","M","?","R","BOSS","M","$","?","M","?","R","E"],"build_version":"2018-01-05-BETA1","purchased_purges":1,"victory":false,"master_deck":["Defend_G","Defend_G","Defend_G","Defend_G","Strike_G","Strike_G","Strike_G","Survivor","Neutralize","Dagger Throw","Backflip","Prepared","Slice","Reflex"],"max_hp_per_floor":[70,70,70,70,70,70,70,70,70,70,70,70,70,70,70,70,75,75,75,75,75,75,75],"relics":["Ring of the Snake","Unceasing Top","Tiny House"],"campfire_meditates":0,"card_choices":[{"not_picked":["Backflip","Eviscerate"],"picked":"Dagger Throw"},{"not_picked":["Slice","Footwork"],"picked":"Backflip"},{"not_picked":["Backstab","Blur"],"picked":"Prepared"},{"not_picked":["Prepared","Distraction"],"picked":"Slice"},{"not_picked":["Flying Knee","Deadly Poison"],"picked":"Reflex"}],"player_experience":354529,"potions_floor_usage":[16,16,24,24,24],"damage_taken":[{"damage":0,"enemies":"2 Louse","floor":1,"turns":3},{"damage":0,"enemies":"Jaw Worm","floor":2,"turns":4},{"damage":2,"enemies":"Small Slimes","floor":4,"turns":3},{"damage":0,"enemies":"Red Slaver","floor":5,"turns":5},{"damage":0,"enemies":"Large Slime","floor":7,"turns":6},{"damage":6,"enemies":"Exordium Thugs","floor":13,"turns":6},{"damage":2,"enemies":"Exordium Wildlife","floor":14,"turns":5},{"damage":43,"enemies":"Slime Boss","floor":16,"turns":12},{"damage":0,"enemies":"3 Byrds","floor":18,"turns":7},{"damage":9,"enemies":"Chosen","floor":21,"turns":6},{"damage":85,"enemies":"Gremlin Leader","floor":24,"turns":14}],"event_choices":[{"event_name":"Liars Game","player_choice":"disagreed","floor":3,"damage_taken":0},{"event_name":"Dead Adventurer","player_choice":"Searched \u00271\u0027 times","floor":11,"damage_taken":0},{"event_name":"Cursed Tome","player_choice":"Ignored","floor":20,"damage_taken":0},{"event_name":"Match and Keep!","player_choice":"0 cards matched","floor":22,"damage_taken":0}],"boss_relics":[{"not_picked":["Lizard Tail","Astrolabe"],"picked":"Tiny House"}],"potions_floor_spawned":[5,13,14,21],"seed_played":"7223140294777643948","killed_by":"Gremlin Leader","is_trial":false}