{"path_per_floor":["M","M","M","$","M","E","R","?","T","R","M","R","E","?","R","B",null,"M","$","M","?","?","R","E","M","T","T","M","$","M","?","R","B",null,"M","?","M","$","?","R","M","R","T","$","R","M","M","M","R"],"character_chosen":"THE_SILENT","items_purchased":["Quick Slash","Bandage Up","Finesse"],"gold_per_floor":[218,233,244,21,31,65,65,65,65,65,80,80,114,114,114,210,210,210,19,19,19,19,19,19,19,19,19,19,19,19,19,19,19,19,19,19,19,19,0,0,0,0,0,0,0,0,0,0,0],"floor_reached":50,"campfire_rested":0,"playtime":3754,"current_hp_per_floor":[70,70,70,70,65,44,44,44,44,44,40,40,34,20,20,8,70,70,70,70,70,70,70,53,57,57,57,61,61,61,61,61,35,70,61,61,58,58,58,58,45,45,45,45,45,48,54,64,64],"items_purged":["Strike_G","Strike_G"],"gold":0,"play_id":"9a24bcea-1a9b-4be4-895e-cd3c164d5024","is_prod":false,"is_daily":false,"campfire_rituals":0,"campfire_upgraded":10,"is_hardmode":false,"path_taken":["M","M","M","$","M","E","R","?","T","R","M","R","E","?","R","BOSS","M","$","?","?","?","R","E","M","T","?","M","?","?","?","R","BOSS","M","?","?","$","?","R","M","R","T","$","R","M","?","M","R","BOSS"],"build_version":"2018-01-17-BETA2","purchased_purges":2,"victory":false,"master_deck":["Defend_G","Defend_G","Defend_G","Defend_G","Strike_G","Strike_G","Survivor","Neutralize","Footwork","Predator","Quick Slash","Bandage Up","Dagger Throw","Caltrops","Cloak And Dagger","Footwork","Glass Knife","Backflip","Finesse","Flying Knee","Dodge and Roll","Dagger Spray","Escape Plan","Injury","Night Terror","Poisoned Stab","Noxious Fumes","Dash","Poisoned Stab","Leg Sweep"],"max_hp_per_floor":[70,70,70,70,70,70,70,70,70,70,70,70,70,70,70,70,70,70,70,70,70,70,70,70,70,70,70,70,70,70,70,70,70,70,70,70,70,70,70,70,70,70,70,70,70,70,70,70,70],"relics":["Ring of the Snake","Anchor","Art of War","Toolbox","Ectoplasm","Ancient Tea Set","Oddly Smooth Stone","Orichalcum","Philosopher\u0027s Stone","Red Mask","Toxic Egg"],"campfire_meditates":0,"card_choices":[{"not_picked":["Deflect","Dagger Throw"],"picked":"Footwork"},{"not_picked":["Deadly Poison","Underhanded Strike"],"picked":"Predator"},{"not_picked":["Underhanded Strike","Quick Slash"],"picked":"Dagger Throw"},{"not_picked":["Dagger Throw","Acrobatics"],"picked":"Caltrops"},{"not_picked":["Deadly Poison","Caltrops"],"picked":"Cloak And Dagger"},{"not_picked":["Expertise","Underhanded Strike"],"picked":"Footwork"},{"not_picked":["After Image","Corpse Explosion"],"picked":"Glass Knife"},{"not_picked":["Accuracy","PiercingWail"],"picked":"Backflip"},{"not_picked":["Catalyst","Backstab"],"picked":"Flying Knee"},{"not_picked":["Setup","Concentrate"],"picked":"Dodge and Roll"},{"not_picked":["Predator","Acrobatics"],"picked":"Dagger Spray"},{"not_picked":["Outmaneuver","Underhanded Strike"],"picked":"Escape Plan"},{"not_picked":["Tactician","Doppelganger"],"picked":"Night Terror"},{"not_picked":["Leg Sweep","Concentrate"],"picked":"Poisoned Stab"},{"not_picked":["Slice","Deflect"],"picked":"Noxious Fumes"},{"not_picked":["Noxious Fumes","Crippling Poison"],"picked":"Dash"},{"not_picked":["Acrobatics","Bane"],"picked":"Poisoned Stab"},{"not_picked":["Cloak And Dagger","Accuracy"],"picked":"Leg Sweep"}],"player_experience":240176,"potions_floor_usage":[6,16,28,41,50,50],"damage_taken":[{"damage":0,"enemies":"2 Louse","floor":1,"turns":3},{"damage":0,"enemies":"Cultist","floor":2,"turns":4},{"damage":0,"enemies":"Small Slimes","floor":3,"turns":4},{"damage":8,"enemies":"Gremlin Gang","floor":5,"turns":8},{"damage":25,"enemies":"3 Sentries","floor":6,"turns":6},{"damage":8,"enemies":"2 Fungi Beasts","floor":11,"turns":4},{"damage":10,"enemies":"Gremlin Nob","floor":13,"turns":4},{"damage":16,"enemies":"Hexaghost","floor":16,"turns":12},{"damage":0,"enemies":"Shell Parasite","floor":18,"turns":5},{"damage":0,"enemies":"Spheric Guardian","floor":20,"turns":4},{"damage":17,"enemies":"Gremlin Leader","floor":24,"turns":12},{"damage":0,"enemies":"Centurion and Healer","floor":25,"turns":6},{"damage":0,"enemies":"3 Cultists","floor":28,"turns":5},{"damage":0,"enemies":"Snecko","floor":30,"turns":5},{"damage":30,"enemies":"Champ","floor":33,"turns":18},{"damage":9,"enemies":"3 Darklings","floor":35,"turns":6},{"damage":7,"enemies":"Orb Walker","floor":37,"turns":4},{"damage":29,"enemies":"Flame Bruiser 2 Orb","floor":41,"turns":6},{"damage":3,"enemies":"Spire Growth","floor":46,"turns":5},{"damage":0,"enemies":"4 Shapes","floor":47,"turns":6},{"damage":0,"enemies":"Flame Bruiser 2 Orb","floor":48,"turns":6},{"damage":73,"enemies":"Time Eater","floor":50,"turns":11}],"event_choices":[{"event_name":"Bonfire Elementals","player_choice":"BASIC","floor":8,"damage_taken":0},{"event_name":"Shining Light","player_choice":"Entered Light","floor":14,"damage_taken":0},{"event_name":"Golden Shrine","player_choice":"Pray","floor":21,"damage_taken":0},{"event_name":"Addict","player_choice":"Ignored","floor":22,"damage_taken":0},{"event_name":"Accursed Blacksmith","player_choice":"Forge","floor":31,"damage_taken":0},{"event_name":"Tomb of Lord Red Mask","player_choice":"Paid","floor":39,"damage_taken":0}],"boss_relics":[{"not_picked":["Black Star","Runic Pyramid"],"picked":"Ectoplasm"},{"not_picked":["Cursed Key","Tiny House"],"picked":"Philosopher\u0027s Stone"}],"potions_floor_spawned":[1,3,11,18,24,25,33,37,41],"seed_played":"4713768071890238545","killed_by":"Time Eater","is_trial":false}