{"path_per_floor":["M","M","M","$","M","R","M","R","T","?","R","M","M","$","R","B",null,"M","$","?","M","M","R"],"character_chosen":"THE_SILENT","items_purchased":["Flying Knee","Footwork"],"gold_per_floor":[117,136,152,51,66,66,76,76,76,76,76,92,110,33,33,104,104,119,19,19,27,44,44],"floor_reached":24,"campfire_rested":1,"playtime":1326,"current_hp_per_floor":[58,58,58,58,48,48,52,52,52,33,33,33,33,33,51,34,56,50,50,50,50,32,32],"items_purged":["Parasite","Strike_G"],"gold":44,"score":333,"play_id":"5a9b30e9-294e-4bd6-bc78-7d23ad50831b","is_prod":false,"is_daily":false,"is_ascension_mode":true,"campfire_upgraded":4,"path_taken":["M","M","M","$","M","R","M","R","T","?","R","M","M","$","R","BOSS","M","$","?","M","?","R","M"],"build_version":"2018-02-15-BETA1","purchased_purges":2,"victory":false,"master_deck":["Defend_G","Defend_G","Defend_G+1","Defend_G","Defend_G","Strike_G","Strike_G","Strike_G","Survivor","Neutralize+1","Venomology+1","Dagger Throw","Blur+1","Flying Knee","Flying Knee","Dash+1","Deflect","Deflect","Crippling Poison","Footwork","Burst","Dodge and Roll","Neutralize","Leg Sweep+1","Terror+1"],"max_hp_per_floor":[66,66,66,63,63,63,63,63,63,63,63,63,63,63,63,63,63,63,63,63,63,63,63],"relics":["Ring of the Snake","Frozen Eye","Cursed Key"],"card_choices":[{"not_picked":["Malaise","Wraith Form"],"picked":"Dagger Throw"},{"not_picked":["Caltrops","Prepared"],"picked":"Blur"},{"not_picked":["Bouncing Flask","Deflect"],"picked":"Flying Knee"},{"not_picked":["Dagger Throw","Underhanded Strike"],"picked":"Dash"},{"not_picked":["Distraction","Reflex"],"picked":"Deflect"},{"not_picked":["Outmaneuver","Sucker Punch"],"picked":"Deflect"},{"not_picked":["Concentrate","Distraction"],"picked":"Crippling Poison"},{"not_picked":["Tools of the Trade","Grand Finale"],"picked":"Burst"},{"not_picked":["Bouncing Flask","PiercingWail"],"picked":"Dodge and Roll"},{"not_picked":["Sucker Punch","Outmaneuver"],"picked":"Leg Sweep"},{"not_picked":["Cloak And Dagger","Dagger Spray"],"picked":"Terror"}],"player_experience":610485,"potions_floor_usage":[1,3,3,7,7,13,16,16,16,16,18,22,24,24],"damage_taken":[{"damage":1,"enemies":"Cultist","floor":1,"turns":5},{"damage":0,"enemies":"Small Slimes","floor":2,"turns":3},{"damage":0,"enemies":"Jaw Worm","floor":3,"turns":6},{"damage":10,"enemies":"3 Louse","floor":5,"turns":4},{"damage":20,"enemies":"Lots of Slimes","floor":7,"turns":9},{"damage":0,"enemies":"2 Fungi Beasts","floor":12,"turns":4},{"damage":0,"enemies":"Looter","floor":13,"turns":3},{"damage":17,"enemies":"Slime Boss","floor":16,"turns":22},{"damage":6,"enemies":"Chosen","floor":18,"turns":8},{"damage":0,"enemies":"2 Thieves","floor":21,"turns":5},{"damage":18,"enemies":"Snake Plant","floor":22,"turns":10},{"damage":45,"enemies":"Cultist and Chosen","floor":24,"turns":11}],"event_choices":[{"event_name":"Shining Light","player_choice":"Entered Light","floor":10,"damage_taken":0},{"event_name":"Match and Keep!","player_choice":"1 cards matched","floor":20,"damage_taken":0}],"boss_relics":[{"not_picked":["Black Star","Velvet Choker"],"picked":"Cursed Key"}],"potions_floor_spawned":[2,5,7,13,18,22],"seed_played":"3897899449893253788","killed_by":"Cultist and Chosen","ascension_level":15,"is_trial":false}