{"path_per_floor":["M","M","?","M","?","E","R","$","T","?","R","M","R","M","R","B",null,"M","?","M","?","M","R","T","R","T","?"],"character_chosen":"THE_SILENT","items_purchased":["Infinite Blades"],"gold_per_floor":[11,24,24,40,115,154,154,7,80,180,180,203,203,218,218,311,311,334,259,277,317,333,333,333,333,363,363],"floor_reached":28,"campfire_rested":2,"playtime":1135,"current_hp_per_floor":[63,65,65,63,52,19,19,19,19,19,19,23,23,16,34,26,53,37,37,39,11,7,25,25,25,25,45],"items_purged":["Parasite"],"gold":363,"score":356,"play_id":"6a7cd70b-5bd1-4637-9599-d067e8b27a53","is_prod":false,"is_daily":false,"is_ascension_mode":true,"campfire_upgraded":4,"path_taken":["M","M","?","?","?","E","R","?","T","?","R","M","R","M","R","BOSS","M","?","M","?","?","R","?","R","T","?","M"],"build_version":"2018-02-13-BETA1","purchased_purges":1,"victory":false,"master_deck":["Defend_G","Defend_G","Defend_G","Defend_G","Defend_G","Strike_G","Survivor","Neutralize+1","Caltrops+1","Caltrops","A Thousand Cuts+1","Grand Finale","Infinite Blades","Flying Knee","Burst+1","Flechettes+1","All Out Attack+1","Predator+1","Well Laid Plans+1","Malaise+1","Acrobatics"],"max_hp_per_floor":[70,70,65,65,65,65,65,62,62,62,62,62,62,62,62,62,62,62,62,62,62,62,62,62,62,62,62],"relics":["Ring of the Snake","Bird Faced Urn","Golden Idol","Bottled Flame","Paper Crane","Astrolabe","Red Mask","Smiling Mask","Tiny Chest"],"card_choices":[{"not_picked":["Backflip","Underhanded Strike"],"picked":"Caltrops"},{"not_picked":["Quick Slash","Blur"],"picked":"Caltrops"},{"not_picked":["Acrobatics","Riddle With Holes"],"picked":"A Thousand Cuts"},{"not_picked":["Poisoned Stab","Backflip"],"picked":"Grand Finale"},{"not_picked":["Bane","Dagger Throw"],"picked":"Flying Knee"},{"not_picked":["Bullet Time","Unload"],"picked":"Burst"},{"not_picked":["Dagger Spray","Poisoned Stab"],"picked":"Well Laid Plans"},{"not_picked":["Quick Slash","Distraction"],"picked":"Malaise"},{"not_picked":["Dodge and Roll","Well Laid Plans"],"picked":"Acrobatics"}],"player_experience":580108,"potions_floor_usage":[21],"damage_taken":[{"damage":0,"enemies":"Small Slimes","floor":1,"turns":6},{"damage":0,"enemies":"Jaw Worm","floor":2,"turns":5},{"damage":2,"enemies":"Cultist","floor":4,"turns":5},{"damage":39,"enemies":"3 Sentries","floor":6,"turns":9},{"damage":2,"enemies":"Exordium Wildlife","floor":12,"turns":3},{"damage":11,"enemies":"3 Louse","floor":14,"turns":3},{"damage":16,"enemies":"Hexaghost","floor":16,"turns":9},{"damage":24,"enemies":"Spheric Guardian","floor":18,"turns":5},{"damage":2,"enemies":"3 Byrds","floor":20,"turns":3},{"damage":48,"enemies":"Masked Bandits","floor":21,"turns":6},{"damage":14,"enemies":"Snecko","floor":22,"turns":6},{"damage":12,"enemies":"3 Cultists","floor":28,"turns":4}],"event_choices":[{"event_name":"Golden Idol","player_choice":"Lose Max HP","floor":3,"damage_taken":0},{"event_name":"World of Goop","player_choice":"Gather Gold","floor":5,"damage_taken":0},{"event_name":"Golden Shrine","player_choice":"Pray","floor":10,"damage_taken":0},{"event_name":"Beggar","player_choice":"Gave Gold","floor":19,"damage_taken":0},{"event_name":"Masked Bandits","player_choice":"Fought over 277 gold","floor":21,"damage_taken":0},{"event_name":"The Library","player_choice":"Heal","floor":27,"damage_taken":0}],"boss_relics":[{"not_picked":["Philosopher\u0027s Stone","Orrery"],"picked":"Astrolabe"}],"potions_floor_spawned":[2,6,12,16,18,22],"seed_played":"-8274894613377695636","killed_by":"3 Cultists","ascension_level":13,"is_trial":false}