{"path_per_floor":["M","M","M","M","$","E","R","?","T","R","M","M","R","M","R","B",null,"M","?","?","?","M","R","E","R","T","R","T","$","T","M","R","B",null,"M","$","?","M","M","R","M","M","T","T","?","$","R","M","R"],"character_chosen":"THE_SILENT","items_purchased":["Footwork","Vajra"],"gold_per_floor":[118,133,148,160,46,81,81,81,128,128,147,159,159,172,172,251,251,222,222,222,222,233,233,261,261,261,261,288,188,188,202,202,276,276,293,15,65,77,97,97,113,127,151,151,151,1,1,15,15],"floor_reached":50,"campfire_rested":8,"playtime":2755,"current_hp_per_floor":[58,58,58,54,54,29,29,29,29,29,19,19,19,16,34,14,51,36,36,15,15,3,21,4,22,22,40,40,40,40,40,58,42,58,58,58,41,15,3,21,18,18,18,18,31,31,49,45,63],"items_purged":["Parasite","Decay","Strike_G","Pain"],"gold":15,"score":746,"play_id":"52042219-1bd9-4959-bb9f-fb0dd0a6e048","is_prod":false,"is_daily":false,"is_ascension_mode":true,"campfire_upgraded":3,"path_taken":["M","M","M","M","$","E","R","?","T","R","M","?","R","M","R","BOSS","M","?","?","?","M","R","E","R","T","R","?","?","?","M","R","BOSS","M","$","?","M","M","R","M","M","T","?","?","$","R","M","R","BOSS"],"build_version":"2018-02-15-BETA1","purchased_purges":5,"victory":false,"master_deck":["Defend_G","Defend_G","Defend_G","Defend_G","Defend_G","Strike_G","Strike_G","Strike_G","Strike_G","Survivor","Neutralize+1","Leg Sweep+1","Backflip","Phantasmal Killer","Terror","Footwork+1","Heel Hook","Dodge and Roll","Dagger Throw","Noxious Fumes","Venomology","Dash","Necronomicurse","Bouncing Flask","PiercingWail","Malaise","Eviscerate","Bouncing Flask","Wraith Form","Backflip","Cloak And Dagger","Reflex+1","Choke","Dodge and Roll+1","Parasite","Phantasmal Killer","Dagger Throw+1","Writhe","Sucker Punch+1"],"max_hp_per_floor":[66,66,66,66,63,63,63,63,63,63,63,63,63,63,63,63,63,63,63,63,63,63,63,63,63,63,63,63,63,63,63,63,63,63,63,63,63,63,63,63,63,63,63,63,63,63,63,63,63],"relics":["Velvet Choker","Art of War","Prayer Wheel","Dream Catcher","Snecko Eye","Necronomicon","Tingsha","Du-Vu Doll","Oddly Smooth Stone","Gambling Chip","Cursed Key","Vajra","Frozen Eye","Pen Nib","Bird Faced Urn"],"card_choices":[{"not_picked":["Poisoned Stab","PiercingWail"],"picked":"Leg Sweep"},{"not_picked":["Riddle With Holes","Underhanded Strike"],"picked":"Backflip"},{"not_picked":["PiercingWail","Quick Slash"],"picked":"Phantasmal Killer"},{"not_picked":["Distraction","PiercingWail"],"picked":"Terror"},{"not_picked":["Slice","Prepared"],"picked":"Heel Hook"},{"not_picked":["Blade Dance","Prepared"],"picked":"Dodge and Roll"},{"not_picked":["Underhanded Strike","Dodge and Roll"],"picked":"Dagger Throw"},{"not_picked":["Dodge and Roll","Backflip"],"picked":"Noxious Fumes"},{"not_picked":["Grand Finale","Tactician"],"picked":"Venomology"},{"not_picked":["Flechettes","Prepared"],"picked":"Dash"},{"not_picked":["Deflect","Underhanded Strike"],"picked":"Bouncing Flask"},{"not_picked":["Bane","Flechettes"],"picked":"PiercingWail"},{"not_picked":["Backstab","Deadly Poison"],"picked":"Malaise"},{"not_picked":["Envenom","Endless Agony"],"picked":"Eviscerate"},{"not_picked":["Sucker Punch","Escape Plan"],"picked":"Bouncing Flask"},{"not_picked":["Grand Finale","Envenom"],"picked":"Wraith Form"},{"not_picked":["Malaise","Flying Knee"],"picked":"Backflip"},{"not_picked":["Quick Slash","Flying Knee"],"picked":"Cloak And Dagger"},{"not_picked":["PiercingWail","Well Laid Plans"],"picked":"Reflex"},{"not_picked":["Cloak And Dagger","Slice"],"picked":"Choke"},{"not_picked":["Outmaneuver","Poisoned Stab"],"picked":"Dodge and Roll"},{"not_picked":["Prepared","Concentrate"],"picked":"Phantasmal Killer"},{"not_picked":["Bane","Malaise"],"picked":"Dagger Throw"},{"not_picked":["Bane","Die Die Die"],"picked":"Sucker Punch"}],"player_experience":628540,"potions_floor_usage":[6,16,16,22,22,24,33,37,39,41,41,50,50,50,50],"damage_taken":[{"damage":1,"enemies":"Cultist","floor":1,"turns":5},{"damage":0,"enemies":"2 Louse","floor":2,"turns":3},{"damage":0,"enemies":"Small Slimes","floor":3,"turns":5},{"damage":4,"enemies":"Blue Slaver","floor":4,"turns":6},{"damage":25,"enemies":"Gremlin Nob","floor":6,"turns":5},{"damage":10,"enemies":"Lots of Slimes","floor":11,"turns":8},{"damage":0,"enemies":"Large Slime","floor":12,"turns":8},{"damage":3,"enemies":"3 Louse","floor":14,"turns":4},{"damage":20,"enemies":"Slime Boss","floor":16,"turns":13},{"damage":15,"enemies":"2 Thieves","floor":18,"turns":5},{"damage":12,"enemies":"Spheric Guardian","floor":22,"turns":7},{"damage":17,"enemies":"Book of Stabbing","floor":24,"turns":9},{"damage":0,"enemies":"Centurion and Healer","floor":31,"turns":4},{"damage":16,"enemies":"Automaton","floor":33,"turns":10},{"damage":0,"enemies":"Orb Walker","floor":35,"turns":3},{"damage":17,"enemies":"Mysterious Sphere","floor":37,"turns":6},{"damage":26,"enemies":"3 Shapes","floor":38,"turns":4},{"damage":12,"enemies":"Sphere and 2 Shapes","floor":39,"turns":4},{"damage":3,"enemies":"4 Shapes","floor":41,"turns":6},{"damage":0,"enemies":"Flame Bruiser 2 Orb","floor":42,"turns":4},{"damage":8,"enemies":"Spire Growth","floor":48,"turns":3},{"damage":70,"enemies":"Time Eater","floor":50,"turns":9}],"event_choices":[{"event_name":"Dead Adventurer","player_choice":"Searched \u00271\u0027 times","floor":8,"damage_taken":0},{"event_name":"Drug Dealer","player_choice":"Ignored","floor":19,"damage_taken":0},{"event_name":"Cursed Tome","player_choice":"Obtained Book","floor":20,"damage_taken":0},{"event_name":"Forgotten Altar","player_choice":"Smashed Altar","floor":21,"damage_taken":0},{"event_name":"Mysterious Sphere","player_choice":"Fight","floor":37,"damage_taken":0},{"event_name":"Winding Halls","player_choice":"Writhe","floor":45,"damage_taken":0}],"boss_relics":[{"not_picked":["Black Star","Runic Dome"],"picked":"Snecko Eye"},{"not_picked":["Tiny House","Calling Bell"],"picked":"Cursed Key"}],"potions_floor_spawned":[2,4,6,16,22,24,33,39,41,48],"seed_played":"-5656126912808030933","killed_by":"Time Eater","ascension_level":15,"is_trial":false}