{"path_per_floor":["M","M","M","M","$","E","R","?","T","R","M","M","R","M","R","B",null,"M"],"character_chosen":"THE_SILENT","items_purchased":["Flying Knee"],"gold_per_floor":[115,135,151,168,42,73,73,23,23,23,40,50,50,65,65,142,142,152],"floor_reached":19,"campfire_rested":1,"playtime":1066,"current_hp_per_floor":[57,57,56,44,44,21,21,21,21,21,15,14,31,29,29,13,46,27],"items_purged":["Parasite"],"gold":152,"score":299,"play_id":"249c8a68-f2fa-4dd3-a479-ffc985cda9bd","is_prod":false,"is_daily":false,"is_ascension_mode":true,"campfire_upgraded":3,"path_taken":["M","M","M","M","$","E","R","?","T","R","M","M","R","M","R","BOSS","M","?"],"build_version":"2018-02-23-BETA1","purchased_purges":1,"victory":false,"master_deck":["Defend_G","Defend_G","Defend_G","Defend_G","Defend_G","Strike_G","Strike_G","Strike_G","Strike_G","Survivor","Neutralize+1","Backflip","Flying Knee","Crippling Poison+1","Distraction","Flying Knee","Footwork+1","Night Terror","Deflect+1"],"max_hp_per_floor":[60,60,60,60,57,57,57,57,57,57,57,57,57,57,57,57,57,57],"relics":["Ring of the Snake","Dead Branch","Peace Pipe","The Courier","Velvet Choker"],"card_choices":[{"not_picked":["Poisoned Stab","Dodge and Roll"],"picked":"Backflip"},{"not_picked":["Masterful Stab","Quick Slash"],"picked":"Flying Knee"},{"not_picked":["Dodge and Roll","Deadly Poison"],"picked":"Crippling Poison"},{"not_picked":["Riddle With Holes","Outmaneuver"],"picked":"Distraction"},{"not_picked":["Flying Knee","Phantasmal Killer"],"picked":"Footwork"},{"not_picked":["Tools of the Trade","Wraith Form"],"picked":"Night Terror"},{"not_picked":["Sucker Punch","Acrobatics"],"picked":"Deflect"}],"player_experience":786314,"potions_floor_usage":[12,16,16,16],"damage_taken":[{"damage":2,"enemies":"2 Louse","floor":1,"turns":3},{"damage":0,"enemies":"Jaw Worm","floor":2,"turns":7},{"damage":1,"enemies":"Cultist","floor":3,"turns":4},{"damage":12,"enemies":"2 Fungi Beasts","floor":4,"turns":5},{"damage":23,"enemies":"Gremlin Nob","floor":6,"turns":5},{"damage":6,"enemies":"Looter","floor":11,"turns":4},{"damage":1,"enemies":"Exordium Thugs","floor":12,"turns":6},{"damage":2,"enemies":"2 Fungi Beasts","floor":14,"turns":4},{"damage":16,"enemies":"The Guardian","floor":16,"turns":15},{"damage":19,"enemies":"Chosen","floor":18,"turns":6},{"damage":30,"enemies":"Masked Bandits","floor":19,"turns":6}],"event_choices":[{"event_name":"The Cleric","player_choice":"Card Removal","floor":8,"damage_taken":0},{"event_name":"Masked Bandits","player_choice":"Fought over 152 gold","floor":19,"damage_taken":0}],"boss_relics":[{"not_picked":["Black Star","Calling Bell"],"picked":"Velvet Choker"}],"potions_floor_spawned":[4,6,12,14],"seed_played":"-2558670876539919694","killed_by":"Masked Bandits","ascension_level":15,"is_trial":false}