{"path_per_floor":["M","$","?","M","M","R","M","E","T","M","M","R","M","E","R","B",null,"M","?","M","$","?","R","M","R","T","M","M","E","M","E","R","B",null,"M","M","?","M","M","R","M","?","T","R","?","$","R","?","R","B"],"character_chosen":"THE_SILENT","items_purchased":["Malaise","Dagger Spray","Die Die Die","Cloak And Dagger","Blade Dance","Backflip","Bottled Lightning","Choke"],"gold_per_floor":[115,8,8,28,48,48,61,89,389,400,417,417,429,455,455,554,554,565,480,497,231,156,156,171,171,171,189,209,239,257,288,288,385,385,399,415,415,430,450,450,467,520,520,520,520,48,48,0,0,0],"floor_reached":51,"campfire_rested":3,"playtime":2288,"current_hp_per_floor":[70,70,56,56,56,56,55,48,48,45,45,45,45,37,58,35,70,70,70,58,58,58,58,54,54,54,49,49,40,38,29,65,15,70,70,69,60,60,41,70,70,69,69,69,69,69,69,69,69,7],"items_purged":["Eviscerate","Injury"],"gold":0,"score":726,"play_id":"0699de44-2696-4dbf-b07b-52056b3ea1a7","local_time":"20180324214714","is_prod":false,"is_daily":false,"is_ascension_mode":false,"campfire_upgraded":4,"timestamp":1521924434,"path_taken":["M","$","?","M","M","R","M","E","T","M","?","R","M","E","R","BOSS","M","?","?","$","?","R","M","R","T","M","M","E","M","E","R","BOSS","M","M","?","M","M","R","M","?","T","R","?","$","R","?","R","BOSS"],"build_version":"2018-03-22","purchased_purges":3,"victory":true,"master_deck":["Survivor","Neutralize","Quick Slash","Malaise+1","Dagger Spray+1","Cloak And Dagger+1","Dagger Throw","Bane","All Out Attack","Dash","Dagger Spray","Poisoned Stab","Burst+1","Deflect","Escape Plan","Slice","Expertise","Malaise","Terror","Finisher","Backflip","Deflect+1","Die Die Die","Cloak And Dagger+1","Blade Dance","Quick Slash+1","Distraction","Finisher+1","Choke+1","Backflip","Adrenaline","Escape Plan","Madness","Madness","Backstab+1","Slice","Dodge and Roll+1","Backflip","Choke"],"max_hp_per_floor":[70,70,70,70,70,70,70,70,70,70,70,70,70,70,70,70,70,70,70,70,70,70,70,70,70,70,70,70,70,70,70,70,70,70,70,70,70,70,70,70,70,70,70,70,70,70,70,70,70,70],"relics":["Ring of the Snake","Gremlin Horn","Old Coin","Bronze Scales","Pandora\u0027s Box","Prayer Wheel","Regal Pillow","Juzu Bracelet","Pen Nib","Cursed Key","Girya","Mummified Hand","Bottled Lightning","Red Mask"],"card_choices":[{"not_picked":["Acrobatics","PiercingWail"],"picked":"Quick Slash","floor":1},{"not_picked":["Poisoned Stab","Expertise"],"picked":"Cloak And Dagger","floor":4},{"not_picked":["Underhanded Strike","Backflip"],"picked":"Dagger Throw","floor":5},{"not_picked":["Choke","Prepared"],"picked":"Bane","floor":8},{"not_picked":["Night Terror","Masterful Stab"],"picked":"All Out Attack","floor":10},{"not_picked":["PiercingWail","Backflip"],"picked":"Dash","floor":11},{"not_picked":["Malaise","Backstab"],"picked":"Dagger Spray","floor":13},{"not_picked":["Bane","Outmaneuver"],"picked":"Poisoned Stab","floor":14},{"not_picked":["Tactician","Unload"],"picked":"Burst","floor":16},{"not_picked":["Deadly Poison","Dodge and Roll"],"picked":"Backflip","floor":18},{"not_picked":["Dagger Spray","Heel Hook"],"picked":"Deflect","floor":20},{"not_picked":["Cloak And Dagger","Prepared"],"picked":"Quick Slash","floor":26},{"not_picked":["Setup","Outmaneuver"],"picked":"Distraction","floor":27},{"not_picked":["Skewer","Setup"],"picked":"Finisher","floor":28},{"not_picked":["Setup","Doppelganger"],"picked":"Choke","floor":30},{"not_picked":["Phantasmal Killer","Slice"],"picked":"Backflip","floor":31},{"not_picked":["Wraith Form","Corpse Explosion"],"picked":"Adrenaline","floor":33},{"not_picked":["Dagger Throw","Outmaneuver"],"picked":"Escape Plan","floor":36},{"not_picked":["Sucker Punch","Deflect"],"picked":"Backstab","floor":38},{"not_picked":["Concentrate","Poisoned Stab"],"picked":"Slice","floor":39},{"not_picked":["PiercingWail","Riddle With Holes"],"picked":"Dodge and Roll","floor":41}],"player_experience":857959,"potions_floor_usage":[8,11,14,14,24,29,31,33,38,41,50,50,50],"damage_taken":[{"damage":0,"enemies":"Small Slimes","floor":1,"turns":5},{"damage":0,"enemies":"Jaw Worm","floor":4,"turns":2},{"damage":0,"enemies":"Cultist","floor":5,"turns":3},{"damage":1,"enemies":"Blue Slaver","floor":7,"turns":4},{"damage":7,"enemies":"Lagavulin","floor":8,"turns":8},{"damage":3,"enemies":"Exordium Wildlife","floor":10,"turns":3},{"damage":0,"enemies":"Gremlin Gang","floor":11,"turns":1},{"damage":0,"enemies":"2 Fungi Beasts","floor":13,"turns":3},{"damage":14,"enemies":"Gremlin Nob","floor":14,"turns":3},{"damage":23,"enemies":"Hexaghost","floor":16,"turns":10},{"damage":0,"enemies":"3 Byrds","floor":18,"turns":3},{"damage":12,"enemies":"Spheric Guardian","floor":20,"turns":4},{"damage":19,"enemies":"Slaver and Parasite","floor":24,"turns":7},{"damage":5,"enemies":"Centurion and Healer","floor":27,"turns":6},{"damage":0,"enemies":"Snecko","floor":28,"turns":4},{"damage":9,"enemies":"Book of Stabbing","floor":29,"turns":6},{"damage":2,"enemies":"Chosen and Byrds","floor":30,"turns":6},{"damage":9,"enemies":"Gremlin Leader","floor":31,"turns":5},{"damage":50,"enemies":"Automaton","floor":33,"turns":8},{"damage":0,"enemies":"Flame Bruiser 1 Orb","floor":35,"turns":2},{"damage":1,"enemies":"Orb Walker","floor":36,"turns":3},{"damage":0,"enemies":"Spire Growth","floor":38,"turns":4},{"damage":19,"enemies":"3 Darklings","floor":39,"turns":3},{"damage":0,"enemies":"Sphere and 2 Shapes","floor":41,"turns":1},{"damage":1,"enemies":"Mysterious Sphere","floor":42,"turns":3},{"damage":62,"enemies":"Time Eater","floor":50,"turns":13}],"event_choices":[{"event_name":"Shining Light","player_choice":"Entered Light","floor":3,"damage_taken":0},{"event_name":"Addict","player_choice":"Obtained Relic","floor":19,"damage_taken":0},{"event_name":"Beggar","player_choice":"Gave Gold","floor":22,"damage_taken":0},{"event_name":"Winding Halls","player_choice":"Embrace Madness","floor":37,"damage_taken":0},{"event_name":"Mysterious Sphere","player_choice":"Fight","floor":42,"damage_taken":0},{"event_name":"Tomb of Lord Red Mask","player_choice":"Paid","floor":48,"damage_taken":0}],"boss_relics":[{"not_picked":["Astrolabe","Black Star"],"picked":"Pandora\u0027s Box"},{"not_picked":["Runic Pyramid","Tiny House"],"picked":"Cursed Key"}],"potions_floor_spawned":[5,7,10,11,13,16,24,27,30,31,33,35,41,42],"seed_played":"-2766692145070808929","ascension_level":0,"is_trial":false}