{"path_per_floor":["M","?","?","M","M","M","M","$","T","$","R","M","E","$","R","B",null,"M","M","M","$","M","R","E","M","T","R","M","?","M","M","R","B",null,"M","?","M","$","M","R","M","M","T","?","M","$","M","?","R","B"],"character_chosen":"IRONCLAD","items_purchased":["Ancient Tea Set","Shrug It Off","Bottled Flame","Shrug It Off"],"gold_per_floor":[110,60,135,150,160,180,200,48,72,72,72,87,113,38,38,134,134,144,161,178,54,64,64,99,114,114,114,127,127,138,157,157,262,262,272,317,328,67,80,80,100,113,113,113,123,100,117,0,0,0],"floor_reached":51,"campfire_rested":4,"playtime":2979,"current_hp_per_floor":[80,80,69,74,72,55,45,45,45,45,69,70,61,61,61,37,80,62,58,42,42,48,72,54,60,60,60,66,66,62,60,60,41,80,80,63,47,47,23,47,53,58,58,58,45,45,31,31,55,23],"items_purged":["Strike_R","Strike_R"],"gold":0,"score":553,"play_id":"ece3b456-30a0-47ac-8805-fc52f04e7b15","is_prod":false,"is_daily":false,"is_ascension_mode":false,"campfire_upgraded":3,"path_taken":["M","?","?","?","M","?","M","$","T","$","R","M","E","?","R","BOSS","M","M","?","$","M","R","E","M","T","R","?","?","M","M","R","BOSS","M","?","M","$","M","R","M","?","T","?","M","$","M","?","R","BOSS"],"build_version":"2018-02-15-PROD1","purchased_purges":3,"victory":true,"master_deck":["Strike_R","Strike_R","Defend_R+1","Defend_R","Defend_R","Bash","Pommel Strike+1","Thunderclap","Spot Weakness","Pommel Strike","Impervious","Flex+1","Whirlwind+1","Shrug It Off","Heavy Blade+1","Shrug It Off","Spot Weakness+1","Limit Break+1","Flex+1","Inflame","Shrug It Off","Shrug It Off+1"],"max_hp_per_floor":[80,80,80,80,80,80,80,80,80,80,80,80,80,80,80,80,80,80,80,80,80,80,80,80,80,80,80,80,80,80,80,80,80,80,80,80,80,80,80,80,80,80,80,80,80,80,80,80,80,80],"relics":["Burning Blood","Ancient Tea Set","Oddly Smooth Stone","Pantograph","Sozu","Pen Nib","Bottled Lightning","Runic Dome","Unceasing Top","Bottled Flame","War Paint","Red Mask"],"card_choices":[{"not_picked":["Hemokinesis","Armaments"],"picked":"Pommel Strike"},{"not_picked":["Wild Strike","Dual Wield"],"picked":"Thunderclap"},{"not_picked":["Infernal Blade","Metallicize"],"picked":"Spot Weakness"},{"not_picked":["Armaments","Twin Strike"],"picked":"Pommel Strike"},{"not_picked":["Bludgeon","Reaper"],"picked":"Impervious"},{"not_picked":["Cleave","Heavy Blade"],"picked":"Flex"},{"not_picked":["Iron Wave","Sever Soul"],"picked":"Whirlwind"},{"not_picked":["Fire Breathing","Pommel Strike"],"picked":"Heavy Blade"},{"not_picked":["Clash","Perfected Strike"],"picked":"Shrug It Off"},{"not_picked":["Bloodletting","Warcry"],"picked":"Spot Weakness"},{"not_picked":["Demon Form","Juggernaut"],"picked":"Limit Break"},{"not_picked":["Metallicize","Headbutt"],"picked":"Flex"},{"not_picked":["Bludgeon","Headbutt"],"picked":"Inflame"},{"not_picked":["Fire Breathing","Clash"],"picked":"Shrug It Off"}],"player_experience":22938,"potions_floor_usage":[1,5,6,13,16],"damage_taken":[{"damage":0,"enemies":"Small Slimes","floor":1,"turns":2},{"damage":1,"enemies":"2 Louse","floor":4,"turns":2},{"damage":8,"enemies":"Jaw Worm","floor":5,"turns":3},{"damage":23,"enemies":"Large Slime","floor":6,"turns":4},{"damage":16,"enemies":"Blue Slaver","floor":7,"turns":5},{"damage":5,"enemies":"Exordium Wildlife","floor":12,"turns":4},{"damage":30,"enemies":"3 Sentries","floor":13,"turns":7},{"damage":49,"enemies":"The Guardian","floor":16,"turns":11},{"damage":24,"enemies":"Spheric Guardian","floor":18,"turns":4},{"damage":10,"enemies":"3 Byrds","floor":19,"turns":5},{"damage":22,"enemies":"Centurion and Healer","floor":20,"turns":5},{"damage":0,"enemies":"3 Cultists","floor":22,"turns":3},{"damage":24,"enemies":"Slavers","floor":24,"turns":4},{"damage":0,"enemies":"Cultist and Chosen","floor":25,"turns":5},{"damage":0,"enemies":"Snecko","floor":28,"turns":3},{"damage":10,"enemies":"Slaver and Parasite","floor":30,"turns":4},{"damage":8,"enemies":"Sentry and Sphere","floor":31,"turns":4},{"damage":45,"enemies":"Automaton","floor":33,"turns":7},{"damage":0,"enemies":"Orb Walker","floor":35,"turns":1},{"damage":23,"enemies":"Mysterious Sphere","floor":36,"turns":2},{"damage":22,"enemies":"3 Shapes","floor":37,"turns":3},{"damage":30,"enemies":"Maw","floor":39,"turns":6},{"damage":0,"enemies":"3 Darklings","floor":41,"turns":1},{"damage":1,"enemies":"Sphere and 2 Shapes","floor":42,"turns":3},{"damage":19,"enemies":"Maw","floor":45,"turns":5},{"damage":20,"enemies":"4 Shapes","floor":47,"turns":4},{"damage":63,"enemies":"Awakened One","floor":50,"turns":6}],"event_choices":[{"event_name":"The Cleric","player_choice":"Card Removal","floor":2,"damage_taken":0},{"event_name":"World of Goop","player_choice":"Gather Gold","floor":3,"damage_taken":0},{"event_name":"The Lab","player_choice":"Got Potions","floor":29,"damage_taken":0},{"event_name":"Mysterious Sphere","player_choice":"Fight","floor":36,"damage_taken":0},{"event_name":"Tomb of Lord Red Mask","player_choice":"Paid","floor":48,"damage_taken":0}],"boss_relics":[{"not_picked":["Question Card","Orrery"],"picked":"Sozu"},{"not_picked":["Mark of Pain","Eternal Feather"],"picked":"Runic Dome"}],"potions_floor_spawned":[1,5,13,20,22,24,30,33,35,41,42,45,47],"seed_played":"-7377476614913665791","ascension_level":0,"is_trial":false}