{"path_per_floor":["M","M","$","?","M","R","E","R","T","E","M","?","M","$","R","B",null,"M","M","?","?","M","E","M","R","T","?","M","$","M","M","R"],"character_chosen":"IRONCLAD","items_purchased":["Lantern"],"gold_per_floor":[116,130,55,25,37,37,71,71,71,99,110,110,123,23,23,124,124,136,154,154,154,169,194,210,210,284,209,222,78,94,107,107],"floor_reached":33,"campfire_rested":3,"playtime":3079,"current_hp_per_floor":[80,80,80,80,80,80,63,63,63,53,49,33,36,36,60,10,80,72,59,59,59,63,43,38,62,62,62,64,64,68,56,80],"items_purged":["Strike_R","Strike_R"],"gold":107,"score":279,"play_id":"48568866-dcc2-477a-9be4-985ed7500831","is_prod":false,"is_daily":false,"is_ascension_mode":false,"campfire_upgraded":2,"path_taken":["M","M","$","?","M","R","E","R","T","E","M","?","M","$","R","BOSS","M","M","?","?","?","E","M","R","T","?","M","$","M","M","R","BOSS"],"build_version":"2018-02-15-PROD1","purchased_purges":2,"victory":false,"master_deck":["Strike_R+1","Defend_R","Defend_R","Defend_R","Iron Wave+1","Pommel Strike+1","Body Slam+1","Whirlwind","Dual Wield","Flame Barrier","Pommel Strike","Berserk","Disarm+1","Rage+1","Hemokinesis+1","Thunderclap","Body Slam","Intimidate","Bloodletting+1","Brutality"],"max_hp_per_floor":[80,80,80,80,80,80,80,80,80,80,80,80,80,80,80,80,80,80,80,80,80,80,80,80,80,80,80,80,80,80,80,80],"relics":["Burning Blood","Toolbox","Bird Faced Urn","Ice Cream","Astrolabe","Anchor","Vajra","Meat on the Bone","Lantern"],"card_choices":[{"not_picked":["Clash","Burning Pact"],"picked":"Iron Wave"},{"not_picked":["Iron Wave","Combust"],"picked":"Pommel Strike"},{"not_picked":["Reckless Charge","Perfected Strike"],"picked":"Body Slam"},{"not_picked":["Feel No Pain","Power Through"],"picked":"Whirlwind"},{"not_picked":["Sword Boomerang","Clothesline"],"picked":"Dual Wield"},{"not_picked":["Corruption","Offering"],"picked":"Flame Barrier"},{"not_picked":["Iron Wave","Armaments"],"picked":"Pommel Strike"},{"not_picked":["Reaper","Brutality"],"picked":"Berserk"},{"not_picked":["Dropkick","Twin Strike"],"picked":"Thunderclap"},{"not_picked":["Searing Blow","Power Through"],"picked":"Body Slam"},{"not_picked":["Second Wind","Metallicize"],"picked":"Intimidate"},{"not_picked":["Rupture","Feel No Pain"],"picked":"Bloodletting"},{"not_picked":["Armaments","Warcry"],"picked":"Brutality"}],"player_experience":2958,"potions_floor_usage":[7,10,13,16,23,24,24,28,33,33],"damage_taken":[{"damage":6,"enemies":"Jaw Worm","floor":1,"turns":4},{"damage":1,"enemies":"Cultist","floor":2,"turns":3},{"damage":6,"enemies":"2 Louse","floor":5,"turns":3},{"damage":23,"enemies":"3 Sentries","floor":7,"turns":10},{"damage":16,"enemies":"Lagavulin","floor":10,"turns":4},{"damage":10,"enemies":"Looter","floor":11,"turns":3},{"damage":3,"enemies":"Gremlin Gang","floor":13,"turns":3},{"damage":56,"enemies":"Hexaghost","floor":16,"turns":13},{"damage":14,"enemies":"Shell Parasite","floor":18,"turns":5},{"damage":19,"enemies":"Spheric Guardian","floor":19,"turns":4},{"damage":2,"enemies":"Snake Plant","floor":22,"turns":5},{"damage":26,"enemies":"Book of Stabbing","floor":23,"turns":6},{"damage":11,"enemies":"3 Cultists","floor":24,"turns":4},{"damage":4,"enemies":"Centurion and Healer","floor":28,"turns":6},{"damage":2,"enemies":"Cultist and Chosen","floor":30,"turns":5},{"damage":32,"enemies":"Chosen and Byrds","floor":31,"turns":7},{"damage":84,"enemies":"Automaton","floor":33,"turns":10}],"event_choices":[{"event_name":"The Woman in Blue","player_choice":"Bought 2 Potions","floor":4,"damage_taken":0},{"event_name":"Shining Light","player_choice":"Entered Light","floor":12,"damage_taken":0},{"event_name":"Vampires","player_choice":"Ignored","floor":20,"damage_taken":0},{"event_name":"The Mausoleum","player_choice":"Yes","floor":21,"damage_taken":0},{"event_name":"Beggar","player_choice":"Gave Gold","floor":27,"damage_taken":0}],"boss_relics":[{"not_picked":["Runic Cube","Lizard Tail"],"picked":"Astrolabe"}],"potions_floor_spawned":[5,11,13,16,19,24,28,31],"seed_played":"7533405701404277663","killed_by":"Automaton","ascension_level":0,"is_trial":false}