{"path_per_floor":["M","?","?","M","?","R","E","M","T","R","M","E","$","M","R","B",null,"M","?","M"],"character_chosen":"IRONCLAD","items_purchased":[],"gold_per_floor":[116,116,116,135,135,135,168,183,183,183,194,229,154,170,170,274,274,289,189,205],"floor_reached":21,"campfire_rested":1,"playtime":1592,"current_hp_per_floor":[78,78,78,80,80,80,61,61,61,61,62,46,46,46,70,30,80,61,61,64],"items_purged":["Strike_R"],"gold":205,"score":189,"play_id":"c755214c-096e-4d6c-94e6-64333a7ab16b","is_prod":false,"is_daily":false,"is_ascension_mode":false,"campfire_upgraded":2,"path_taken":["M","?","?","M","?","R","E","M","T","R","M","E","$","M","R","BOSS","M","?","?","M"],"build_version":"2018-02-15-PROD1","purchased_purges":1,"victory":false,"master_deck":["Strike_R","Strike_R","Defend_R","Defend_R","Defend_R","Bash","Perfected Strike","Dual Wield+1","Pommel Strike+1","Pommel Strike","Headbutt","Limit Break","Shrug It Off","J.A.X."],"max_hp_per_floor":[80,80,80,80,80,80,80,80,80,80,80,80,80,80,80,80,80,80,80,80],"relics":["Burning Blood","Unceasing Top","Calipers","Dream Catcher","Question Card"],"card_choices":[{"not_picked":["Anger","Rupture"],"picked":"Perfected Strike"},{"not_picked":["Sever Soul","Double Tap"],"picked":"Pommel Strike"},{"not_picked":["Corruption","Warcry"],"picked":"Pommel Strike"},{"not_picked":["Reckless Charge","Perfected Strike"],"picked":"Headbutt"},{"not_picked":["Feed","Juggernaut"],"picked":"Limit Break"},{"not_picked":["Rage","Perfected Strike","Warcry"],"picked":"Shrug It Off"}],"player_experience":18712,"potions_floor_usage":[21],"damage_taken":[{"damage":8.0,"enemies":"2 Louse","floor":1.0,"turns":2.0},{"damage":1.0,"enemies":"Cultist","floor":4.0,"turns":3.0},{"damage":25.0,"enemies":"Gremlin Nob","floor":7.0,"turns":4.0},{"damage":6.0,"enemies":"Jaw Worm","floor":8.0,"turns":3.0},{"damage":5.0,"enemies":"Lots of Slimes","floor":11.0,"turns":4.0},{"damage":22.0,"enemies":"3 Sentries","floor":12.0,"turns":6.0},{"damage":6.0,"enemies":"Large Slime","floor":14.0,"turns":4.0},{"damage":46.0,"enemies":"Slime Boss","floor":16.0,"turns":11.0},{"damage":25,"enemies":"Spheric Guardian","floor":18,"turns":4},{"damage":3,"enemies":"Chosen","floor":20,"turns":5},{"damage":54,"enemies":"3 Cultists","floor":21,"turns":6}],"event_choices":[{"event_name":"Transmorgrifier","player_choice":"Transform","floor":2.0,"damage_taken":0.0},{"event_name":"Golden Idol","player_choice":"Ignored","floor":3.0,"damage_taken":0.0},{"event_name":"Living Wall","player_choice":"Forget","floor":5.0,"damage_taken":0.0},{"event_name":"Drug Dealer","player_choice":"Got JAXXED","floor":19,"damage_taken":0}],"boss_relics":[{"not_picked":["Cursed Key","White Beast Statue"],"picked":"Question Card"}],"potions_floor_spawned":[8,12,14,16],"seed_played":"8002148468299838323","killed_by":"3 Cultists","ascension_level":0,"is_trial":false}