{"path_per_floor":["M","M","?","?","?","E","R","?","T","R","$","M","?","E","R","B",null,"M","?","?","M","M","R","M","R","T","$","R","M","$","?","R","B",null,"M","?","$","?","M","R","M","R","T","R","M","M","?","$","R","B"],"character_chosen":"IRONCLAD","items_purchased":["Thread and Needle","Girya","Oddly Smooth Stone","Metallicize"],"gold_per_floor":[110,120,70,245,245,277,277,300,369,369,7,21,21,50,50,148,148,162,262,442,456,469,469,482,482,535,132,132,149,24,24,24,121,121,137,187,34,34,45,45,60,60,109,109,119,134,134,97,97,97],"floor_reached":51,"campfire_rested":3,"playtime":4111,"current_hp_per_floor":[79,80,80,80,80,55,79,53,53,53,53,59,52,69,69,52,73,75,75,27,26,13,37,45,45,45,45,45,43,43,43,67,14,64,80,80,80,80,80,80,80,80,80,80,80,80,80,80,80,62],"items_purged":["Doubt","Strike_R","Defend_R"],"gold":97,"score":614,"play_id":"a107bea8-e2a3-470b-8307-d84fb587deea","is_prod":false,"is_daily":false,"is_ascension_mode":true,"campfire_upgraded":5,"path_taken":["M","M","?","?","?","E","R","?","T","R","$","?","?","E","R","BOSS","M","?","?","M","M","R","M","R","T","$","R","?","$","?","R","BOSS","M","?","$","?","M","R","M","R","T","R","M","?","?","?","R","BOSS"],"build_version":"2018-02-15-PROD1","purchased_purges":3,"victory":true,"master_deck":["Strike_R+1","Strike_R+1","Defend_R+1","Defend_R+1","Bash","Shrug It Off+1","Thunderclap+1","Pommel Strike+1","Inflame","Reaper","Trip+1","Blind","Panacea+1","Rampage+1","Second Wind+1","Evolve+1","Flame Barrier+1","Battle Trance","Barricade+1","Warcry","Metallicize+1","Ghostly Armor+1","Juggernaut","Metallicize"],"max_hp_per_floor":[80,80,80,80,80,80,80,80,80,80,80,80,80,80,80,80,80,80,80,80,80,80,80,80,80,80,80,80,80,80,80,80,80,80,80,80,80,80,80,80,80,80,80,80,80,80,80,80,80,80],"relics":["Burning Blood","Prayer Wheel","Orichalcum","Odd Mushroom","Darkstone Periapt","Thread and Needle","Happy Flower","Sozu","Tiny Chest","Girya","Mark of Pain","Gambling Chip","Oddly Smooth Stone","Anchor"],"card_choices":[{"not_picked":["Headbutt","Havoc"],"picked":"Shrug It Off"},{"not_picked":["Searing Blow","Intimidate"],"picked":"Thunderclap"},{"not_picked":["Cleave","Feel No Pain"],"picked":"Pommel Strike"},{"not_picked":["Thunderclap","Armaments"],"picked":"Inflame"},{"not_picked":["Bludgeon","Fiend Fire"],"picked":"Reaper"},{"not_picked":["Entrench","Second Wind"],"picked":"Rampage"},{"not_picked":["True Grit","Seeing Red"],"picked":"Second Wind"},{"not_picked":["Sword Boomerang","Hemokinesis"],"picked":"Evolve"},{"not_picked":["Twin Strike","Sentinel"],"picked":"Flame Barrier"},{"not_picked":["Twin Strike","Heavy Blade"],"picked":"Battle Trance"},{"not_picked":["Impervious","Berserk"],"picked":"Barricade"},{"not_picked":["Armaments","Blood for Blood"],"picked":"Warcry"},{"not_picked":["Flex","Armaments"],"picked":"Metallicize"},{"not_picked":["Pommel Strike","Disarm"],"picked":"Ghostly Armor"},{"not_picked":["Warcry","Reckless Charge"],"picked":"Juggernaut"}],"player_experience":220550,"potions_floor_usage":[14,14,16],"damage_taken":[{"damage":7,"enemies":"Small Slimes","floor":1,"turns":3},{"damage":3,"enemies":"2 Louse","floor":2,"turns":4},{"damage":31,"enemies":"3 Sentries","floor":6,"turns":9},{"damage":32,"enemies":"The Mushroom Lair","floor":8,"turns":6},{"damage":0,"enemies":"Jaw Worm","floor":12,"turns":3},{"damage":4,"enemies":"Lagavulin","floor":14,"turns":8},{"damage":23,"enemies":"The Guardian","floor":16,"turns":13},{"damage":12,"enemies":"3 Byrds","floor":18,"turns":5},{"damage":13,"enemies":"Chosen","floor":21,"turns":5},{"damage":21,"enemies":"Snake Plant","floor":22,"turns":5},{"damage":7,"enemies":"Snecko","floor":24,"turns":4},{"damage":9,"enemies":"Slaver and Parasite","floor":29,"turns":6},{"damage":89,"enemies":"Automaton","floor":33,"turns":7},{"damage":0,"enemies":"Orb Walker","floor":35,"turns":5},{"damage":7,"enemies":"Mysterious Sphere","floor":36,"turns":6},{"damage":0,"enemies":"3 Darklings","floor":39,"turns":6},{"damage":5,"enemies":"Sphere and 2 Shapes","floor":41,"turns":6},{"damage":1,"enemies":"4 Shapes","floor":45,"turns":5},{"damage":0,"enemies":"Maw","floor":46,"turns":8},{"damage":50,"enemies":"Donu and Deca","floor":50,"turns":11}],"event_choices":[{"event_name":"The Cleric","player_choice":"Card Removal","floor":3,"damage_taken":0},{"event_name":"Liars Game","player_choice":"agreed","floor":4,"damage_taken":0},{"event_name":"Upgrade Shrine","player_choice":"Upgraded","floor":5,"damage_taken":0},{"event_name":"Mushrooms","player_choice":"Fought Mushrooms","floor":8,"damage_taken":0},{"event_name":"Golden Wing","player_choice":"Card Removal","floor":13,"damage_taken":0},{"event_name":"Golden Shrine","player_choice":"Pray","floor":19,"damage_taken":0},{"event_name":"Knowing Skull","player_choice":"CARD CARD CARD GOLD GOLD ","floor":20,"damage_taken":0},{"event_name":"Back to Basics","player_choice":"Simplicity","floor":31,"damage_taken":0},{"event_name":"Mysterious Sphere","player_choice":"Fight","floor":36,"damage_taken":0},{"event_name":"Accursed Blacksmith","player_choice":"Forge","floor":47,"damage_taken":0}],"boss_relics":[{"not_picked":["Black Star","Snecko Eye"],"picked":"Sozu"},{"not_picked":["Question Card","Runic Pyramid"],"picked":"Mark of Pain"}],"potions_floor_spawned":[2,6,8,14,21,33,35,46],"seed_played":"-4857276169686008365","ascension_level":5,"is_trial":false}