{"path_per_floor":["M","M","?","$","?","R","E","R","T","E","M","M","R","E","R","B",null,"M","$","?","M","?","R","$","E","T","?","M","E","R","?","R","B",null,"M","$","?","M","M","R","M","M","T","?","$","E","?","M","R","B"],"character_chosen":"IRONCLAD","items_purchased":["Regen Potion","Deep Breath","Vajra","Shrug It Off","Regen Potion"],"gold_per_floor":[111,130,130,4,4,4,30,30,30,55,73,93,93,124,124,221,221,240,36,36,50,50,50,50,75,75,75,91,119,119,119,119,221,221,231,74,74,91,103,103,116,131,131,131,34,59,59,69,69,69],"floor_reached":51,"campfire_rested":3,"playtime":4515,"current_hp_per_floor":[70,66,50,50,50,50,46,70,70,55,66,68,68,64,64,58,75,80,80,80,80,65,65,65,49,49,49,59,44,86,86,86,67,86,80,80,80,82,80,80,89,88,88,88,88,53,53,59,92,34],"items_purged":["Defend_R","Strike_R"],"gold":69,"score":751,"play_id":"c50ed277-f2c6-4a77-8ffa-18d4ddee7fcf","is_prod":false,"is_daily":false,"is_ascension_mode":true,"campfire_upgraded":6,"path_taken":["M","M","?","$","?","R","E","R","T","E","M","M","R","E","R","BOSS","M","$","?","M","?","R","$","E","T","?","M","E","R","?","R","BOSS","M","$","?","M","M","R","M","M","T","?","$","E","?","M","R","BOSS"],"build_version":"2018-02-15-PROD1","purchased_purges":2,"victory":true,"master_deck":["Strike_R","Defend_R","Defend_R","Defend_R+1","Bash+1","Reaper","Thunderclap+1","Battle Trance+1","Rampage+1","Flex","Shrug It Off+1","Double Tap+1","Flame Barrier+1","Deep Breath+1","Headbutt+1","Headbutt","Impervious","Shrug It Off","Limit Break"],"max_hp_per_floor":[80,80,80,80,80,80,80,80,80,80,80,80,80,80,80,80,80,80,80,80,80,85,85,85,85,85,85,85,92,92,92,92,92,92,92,92,92,92,92,92,92,92,92,92,92,92,92,92,92,92],"relics":["Burning Blood","Letter Opener","Ice Cream","Blood Vial","Centennial Puzzle","Black Star","Juzu Bracelet","Bag of Marbles","Ancient Tea Set","Regal Pillow","Strawberry","Velvet Choker","Vajra","Frozen Egg 2","Anchor","Orichalcum"],"card_choices":[{"not_picked":["Pummel","Dropkick"],"picked":"Thunderclap"},{"not_picked":["Ghostly Armor","Iron Wave"],"picked":"Rampage"},{"not_picked":["Bludgeon","Clash"],"picked":"Flex"},{"not_picked":["Havoc","Spot Weakness"],"picked":"Shrug It Off"},{"not_picked":["Havoc","Thunderclap"],"picked":"Inflame"},{"not_picked":["Reaper","Juggernaut"],"picked":"Double Tap"},{"not_picked":["Havoc","Clothesline"],"picked":"Flame Barrier"},{"not_picked":["Evolve","Wild Strike"],"picked":"Headbutt"},{"not_picked":["Warcry","Clothesline"],"picked":"Headbutt"},{"not_picked":["Impervious","Warcry"],"picked":"Limit Break"}],"player_experience":236764,"potions_floor_usage":[7,12,14,16,21,25,25,28,33,33,39,41,42,48,50],"damage_taken":[{"damage":8,"enemies":"Jaw Worm","floor":1,"turns":6},{"damage":14,"enemies":"Small Slimes","floor":2,"turns":5},{"damage":36,"enemies":"3 Sentries","floor":7,"turns":5},{"damage":27,"enemies":"Lagavulin","floor":10,"turns":6},{"damage":1,"enemies":"Cultist","floor":11,"turns":3},{"damage":18,"enemies":"Exordium Thugs","floor":12,"turns":3},{"damage":12,"enemies":"Gremlin Nob","floor":14,"turns":3},{"damage":30,"enemies":"Slime Boss","floor":16,"turns":7},{"damage":0,"enemies":"Chosen","floor":18,"turns":5},{"damage":3,"enemies":"2 Thieves","floor":21,"turns":3},{"damage":30,"enemies":"Slavers","floor":25,"turns":4},{"damage":22,"enemies":"3 Cultists","floor":28,"turns":4},{"damage":30,"enemies":"Gremlin Leader","floor":29,"turns":4},{"damage":63,"enemies":"Collector","floor":33,"turns":5},{"damage":26,"enemies":"3 Darklings","floor":35,"turns":7},{"damage":16,"enemies":"Orb Walker","floor":38,"turns":2},{"damage":10,"enemies":"Sphere and 2 Shapes","floor":39,"turns":4},{"damage":17,"enemies":"3 Darklings","floor":41,"turns":3},{"damage":38,"enemies":"Maw","floor":42,"turns":8},{"damage":43,"enemies":"Giant Head","floor":46,"turns":6},{"damage":25,"enemies":"4 Shapes","floor":48,"turns":8},{"damage":88,"enemies":"Awakened One","floor":50,"turns":17}],"event_choices":[{"event_name":"Shining Light","player_choice":"Entered Light","floor":3,"damage_taken":0},{"event_name":"Living Wall","player_choice":"Change","floor":5,"damage_taken":0},{"event_name":"The Lab","player_choice":"Got Potions","floor":20,"damage_taken":0},{"event_name":"Forgotten Altar","player_choice":"Shed Blood","floor":22,"damage_taken":0},{"event_name":"Purifier","player_choice":"One Purge","floor":27,"damage_taken":0},{"event_name":"The Library","player_choice":"Read","floor":31,"damage_taken":0},{"event_name":"Purifier","player_choice":"One Purge","floor":37,"damage_taken":0},{"event_name":"Mysterious Sphere","player_choice":"Ignore","floor":47,"damage_taken":0}],"boss_relics":[{"not_picked":["Mark of Pain","Philosopher\u0027s Stone"],"picked":"Black Star"},{"not_picked":["Snecko Eye","Orrery"],"picked":"Velvet Choker"}],"potions_floor_spawned":[10,11,12,16,21,25,28,33,38,39,46],"seed_played":"-2961047546251144060","ascension_level":7,"is_trial":false}