{"path_per_floor":["M","?","?","M","M","R","M","R","T","E","?","M","R","?","R","B",null,"M","M","M","?","$","E","R","?","T","R","M","R","M","E","R","B",null,"M","$","M","$","M","R","?","R","T","?","M","E","M","$","R","B"],"character_chosen":"IRONCLAD","items_purchased":["Spot Weakness","Panacea","Limit Break","Shrug It Off"],"gold_per_floor":[119,119,119,139,149,149,163,163,163,192,192,210,210,210,210,313,313,323,342,361,361,120,151,151,151,176,176,189,189,199,234,234,334,334,344,145,160,41,56,56,56,56,124,124,134,165,185,65,65,65],"floor_reached":51,"campfire_rested":3,"playtime":1897,"current_hp_per_floor":[78,71,71,70,75,75,80,80,80,68,68,70,70,54,54,20,65,56,58,49,49,49,36,36,36,36,75,64,64,63,65,65,9,62,68,68,64,64,41,41,41,80,80,80,53,52,55,55,80,36],"items_purged":["Strike_R","Strike_R","Defend_R","Strike_R"],"gold":65,"score":913,"play_id":"4a0676a8-967a-476c-87c0-32c384f66ff0","local_time":"20180309133640","is_prod":false,"is_daily":false,"is_ascension_mode":true,"campfire_upgraded":8,"timestamp":1520631400,"path_taken":["M","?","?","M","M","R","M","R","T","E","?","M","R","?","R","BOSS","M","M","?","?","$","E","R","?","T","R","M","R","M","E","R","BOSS","M","$","M","$","M","R","?","R","T","?","M","E","M","$","R","BOSS"],"build_version":"2018-03-08-BETA","purchased_purges":4,"victory":true,"master_deck":["Defend_R+1","Defend_R","Bash+1","Flex+1","Heavy Blade+1","Flex+1","Ghostly Armor","Offering","Thunderclap","Spot Weakness+1","Panacea+1","Headbutt+1","Heavy Blade+1","Limit Break+1","Warcry+1","Shrug It Off"],"max_hp_per_floor":[80,80,80,80,80,80,80,80,80,80,80,80,80,80,80,80,80,80,80,80,80,80,80,80,80,80,80,80,80,80,80,80,80,80,80,80,80,80,80,80,80,80,80,80,80,80,80,80,80,80],"relics":["Burning Blood","Bird Faced Urn","Regal Pillow","Sozu","Mercury Hourglass","Anchor","The Courier","Lizard Tail","Meat on the Bone","Omamori"],"card_choices":[{"not_picked":["Pummel","Iron Wave"],"picked":"Flex"},{"not_picked":["Wild Strike","Inflame"],"picked":"Heavy Blade"},{"not_picked":["Shrug It Off","Rage"],"picked":"Flex"},{"not_picked":["Clothesline","Evolve"],"picked":"Ghostly Armor"},{"not_picked":["Double Tap","Demon Form"],"picked":"Offering"},{"not_picked":["Headbutt","Heavy Blade"],"picked":"Thunderclap"},{"not_picked":["Intimidate","Impervious"],"picked":"Headbutt"},{"not_picked":["Intimidate","True Grit"],"picked":"Heavy Blade"},{"not_picked":["Entrench","Iron Wave"],"picked":"Feel No Pain"},{"not_picked":["Flex","Battle Trance"],"picked":"Warcry"}],"player_experience":84914,"potions_floor_usage":[4,10,12,16,16,20],"damage_taken":[{"damage":8,"enemies":"Small Slimes","floor":1,"turns":3},{"damage":7,"enemies":"Jaw Worm","floor":4,"turns":2},{"damage":1,"enemies":"Cultist","floor":5,"turns":3},{"damage":0,"enemies":"Large Slime","floor":7,"turns":5},{"damage":18,"enemies":"3 Sentries","floor":10,"turns":6},{"damage":4,"enemies":"Lots of Slimes","floor":12,"turns":4},{"damage":55,"enemies":"Slime Boss","floor":16,"turns":9},{"damage":15,"enemies":"Shell Parasite","floor":18,"turns":5},{"damage":4,"enemies":"Chosen","floor":19,"turns":2},{"damage":18,"enemies":"Snake Plant","floor":20,"turns":2},{"damage":19,"enemies":"Book of Stabbing","floor":23,"turns":3},{"damage":17,"enemies":"Centurion and Healer","floor":28,"turns":3},{"damage":7,"enemies":"3 Cultists","floor":30,"turns":3},{"damage":4,"enemies":"Gremlin Leader","floor":31,"turns":4},{"damage":62,"enemies":"Collector","floor":33,"turns":6},{"damage":0,"enemies":"Orb Walker","floor":35,"turns":2},{"damage":12,"enemies":"3 Darklings","floor":37,"turns":4},{"damage":31,"enemies":"Spire Growth","floor":39,"turns":4},{"damage":33,"enemies":"4 Shapes","floor":45,"turns":4},{"damage":7,"enemies":"Nemesis","floor":46,"turns":3},{"damage":15,"enemies":"Maw","floor":47,"turns":4},{"damage":62,"enemies":"Donu and Deca","floor":50,"turns":4}],"event_choices":[{"event_name":"Golden Wing","player_choice":"Card Removal","floor":2,"damage_taken":0},{"event_name":"The Lab","player_choice":"Got Potions","floor":3,"damage_taken":0},{"event_name":"Living Wall","player_choice":"Change","floor":11,"damage_taken":0},{"event_name":"Shining Light","player_choice":"Entered Light","floor":14,"damage_taken":0},{"event_name":"The Woman in Blue","player_choice":"Bought 0 Potions","floor":21,"damage_taken":0},{"event_name":"Back to Basics","player_choice":"Elegance","floor":25,"damage_taken":0},{"event_name":"Mysterious Sphere","player_choice":"Ignore","floor":41,"damage_taken":0}],"boss_relics":[{"not_picked":["Orrery","Runic Dome"],"picked":"Sozu"},{"not_picked":["Question Card","Calling Bell"],"picked":"Lizard Tail"}],"potions_floor_spawned":[5,10,12,18,20,28,33,35,37,46],"seed_played":"-6148969766743448799","ascension_level":5,"is_trial":false}