{"path_per_floor":["M","?","?","M","?","R","E","M","T","E","M","R","$","M","R","B",null,"M","?","?","$","?","R","M","R","T","$","?","M","M","M","R","B",null,"M","$","?","M","M","R","M","E","T","R","M","E","M","E","R","B"],"character_chosen":"IRONCLAD","items_purchased":["Regen Potion","Bag of Marbles","Flex","Regen Potion"],"gold_per_floor":[12,12,87,104,104,104,139,156,156,186,206,206,82,99,99,203,203,219,246,446,203,203,203,223,223,275,52,52,64,74,87,87,185,185,196,46,46,63,80,80,94,122,122,122,139,169,181,215,215,215],"floor_reached":51,"campfire_rested":0,"playtime":2064,"current_hp_per_floor":[77,65,54,59,59,59,55,61,61,34,40,40,40,46,46,58,80,80,64,64,64,64,64,65,65,65,65,65,71,62,51,51,18,80,80,80,80,80,58,58,68,64,64,64,61,62,69,74,74,80],"items_purged":["Strike_R","Defend_R","Writhe","Defend_R"],"gold":215,"score":976,"play_id":"52538632-eb92-49a7-92e6-cb1fcdad5351","local_time":"20180308192438","is_prod":false,"is_daily":false,"is_ascension_mode":true,"campfire_upgraded":6,"timestamp":1520565878,"path_taken":["M","?","?","?","?","R","E","M","T","E","?","R","$","M","R","BOSS","M","?","?","$","?","R","M","R","T","$","?","M","?","M","R","BOSS","M","$","?","?","M","R","?","E","T","R","M","E","M","E","R","BOSS"],"build_version":"2018-03-06-BETA","purchased_purges":4,"victory":true,"master_deck":["Strike_R","Defend_R","Defend_R","Bash","Flex+1","Heavy Blade+1","Shrug It Off","Warcry","Double Tap+1","Limit Break+1","Shrug It Off+1","Flex+1","Heavy Blade+1","Limit Break+1","Inflame+1","Shrug It Off+1"],"max_hp_per_floor":[80,80,80,80,80,80,80,80,80,80,80,80,80,80,80,80,80,80,80,80,80,80,80,80,80,80,80,80,80,80,80,80,80,80,80,80,80,80,80,80,80,80,80,80,80,80,80,80,80,80],"relics":["Black Blood","Gremlin Horn","Toolbox","Girya","Ancient Tea Set","Runic Cube","Red Mask","Bag of Marbles","Art of War","Dream Catcher","Bottled Tornado","Vajra","Oddly Smooth Stone","Shuriken"],"card_choices":[{"not_picked":["Wild Strike","Uppercut"],"picked":"Flex"},{"not_picked":["Thunderclap","Evolve"],"picked":"Heavy Blade"},{"not_picked":["Body Slam","Warcry"],"picked":"Shrug It Off"},{"not_picked":["True Grit","Cleave"],"picked":"Warcry"},{"not_picked":["Clash","Clothesline"],"picked":"Double Tap"},{"not_picked":["Double Tap","Exhume"],"picked":"Limit Break"},{"not_picked":["Clash","Corruption"],"picked":"Shrug It Off"},{"not_picked":["Clash","Rage"],"picked":"Heavy Blade"},{"not_picked":["Brutality","Immolate"],"picked":"Limit Break"},{"not_picked":["Pommel Strike","Heavy Blade"],"picked":"Inflame"},{"not_picked":["Havoc","Flex"],"picked":"Shrug It Off"}],"player_experience":82850,"potions_floor_usage":[7,7,7,16,16,18,19,24,31,35,48,50,50,50],"damage_taken":[{"damage":9,"enemies":"Jaw Worm","floor":1,"turns":4},{"damage":1,"enemies":"Cultist","floor":4,"turns":3},{"damage":10,"enemies":"Lagavulin","floor":7,"turns":3},{"damage":0,"enemies":"Small Slimes","floor":8,"turns":2},{"damage":33,"enemies":"Gremlin Nob","floor":10,"turns":5},{"damage":0,"enemies":"Exordium Thugs","floor":11,"turns":3},{"damage":0,"enemies":"3 Louse","floor":14,"turns":2},{"damage":9,"enemies":"Slime Boss","floor":16,"turns":7},{"damage":0,"enemies":"Chosen","floor":18,"turns":2},{"damage":22,"enemies":"Masked Bandits","floor":19,"turns":3},{"damage":5,"enemies":"Shell Parasite","floor":24,"turns":3},{"damage":4,"enemies":"3 Cultists","floor":29,"turns":3},{"damage":15,"enemies":"Centurion and Healer","floor":30,"turns":3},{"damage":20,"enemies":"Slaver and Parasite","floor":31,"turns":2},{"damage":39,"enemies":"Champ","floor":33,"turns":5},{"damage":9,"enemies":"3 Darklings","floor":35,"turns":3},{"damage":6,"enemies":"3 Shapes","floor":38,"turns":3},{"damage":32,"enemies":"Spire Growth","floor":39,"turns":3},{"damage":0,"enemies":"Sphere and 2 Shapes","floor":41,"turns":3},{"damage":14,"enemies":"2 Orb Walkers","floor":42,"turns":2},{"damage":13,"enemies":"Maw","floor":45,"turns":5},{"damage":9,"enemies":"Giant Head","floor":46,"turns":3},{"damage":3,"enemies":"4 Shapes","floor":47,"turns":6},{"damage":9,"enemies":"Nemesis","floor":48,"turns":3},{"damage":0,"enemies":"Time Eater","floor":50,"turns":2}],"event_choices":[{"event_name":"Scrap Ooze","player_choice":"success","floor":2,"damage_taken":12},{"event_name":"World of Goop","player_choice":"Gather Gold","floor":3,"damage_taken":0},{"event_name":"The Lab","player_choice":"Got Potions","floor":5,"damage_taken":0},{"event_name":"Masked Bandits","player_choice":"Fought over 219 gold","floor":19,"damage_taken":0},{"event_name":"Wheel of Change","player_choice":"Gold","floor":20,"damage_taken":0},{"event_name":"The Mausoleum","player_choice":"Yes","floor":22,"damage_taken":0},{"event_name":"Vampires","player_choice":"Ignored","floor":28,"damage_taken":0}],"boss_relics":[{"not_picked":["Velvet Choker","Eternal Feather"],"picked":"Runic Cube"},{"not_picked":["Black Star","Lizard Tail"],"picked":"Black Blood"}],"potions_floor_spawned":[10,11,14,16,19,31,33,35,39,41,42,48],"seed_played":"5648985983928721838","ascension_level":4,"is_trial":false}