{"path_per_floor":["M","$","M","?","?","E","M","E","T","M","R","M","$","?","R","B",null,"M","?","$","M","M","R","M","?","T","R","M","E","R","?","R"],"character_chosen":"IRONCLAD","items_purchased":["Flex","Shrug It Off"],"gold_per_floor":[118,93,111,61,61,88,105,131,131,144,144,161,86,86,86,182,182,195,110,59,69,86,86,103,28,28,28,38,71,71,71,71,71],"floor_reached":33,"campfire_rested":0,"playtime":1314,"current_hp_per_floor":[80,80,80,80,80,80,80,68,78,82,82,74,74,56,56,21,90,90,90,90,90,80,80,82,82,82,82,84,86,86,86,86,0],"items_purged":["Injury"],"gold":71,"score":325,"play_id":"642aca4b-c86f-49b1-8d03-440641084146","local_time":"20180414182544","is_prod":false,"is_daily":false,"chose_seed":false,"is_ascension_mode":false,"campfire_upgraded":6,"timestamp":1523755544,"path_taken":["M","$","M","?","?","E","M","E","T","?","R","M","$","?","R","BOSS","M","?","$","?","M","R","M","?","T","R","M","E","R","?","R","BOSS"],"build_version":"2018-04-13","seed_source_timestamp":801961164726127,"purchased_purges":1,"victory":false,"master_deck":["Strike_R","Strike_R","Strike_R","Strike_R","Defend_R","Defend_R","Defend_R+1","Bash+1","True Grit+1","Flex","Shrug It Off+1","Reckless Charge","Offering","Body Slam+1","Seeing Red+1","Barricade+1","Seeing Red+1","Shrug It Off+1","Body Slam+1","Power Through+1","Shrug It Off","Sentinel","Feel No Pain"],"max_hp_per_floor":[80,80,80,80,80,80,80,80,90,90,90,90,90,90,90,90,90,90,90,90,90,90,90,90,90,90,90,90,90,90,90,90,90],"relics":["Burning Blood","NeowsBlessing","Bag of Preparation","Matryoshka","Pear","Ornamental Fan","Sozu","Red Skull","Vajra","Meat on the Bone","Art of War"],"card_choices":[{"not_picked":["Twin Strike","Pommel Strike"],"picked":"True Grit","floor":1},{"not_picked":["Anger","Sever Soul"],"picked":"Shrug It Off","floor":3},{"not_picked":["Disarm","Twin Strike"],"picked":"Reckless Charge","floor":6},{"not_picked":["Pommel Strike","Body Slam"],"picked":"Offering","floor":7},{"not_picked":["Sever Soul","Clothesline"],"picked":"Body Slam","floor":10},{"not_picked":["Cleave","Corruption"],"picked":"Seeing Red","floor":12},{"not_picked":["Demon Form","Offering"],"picked":"Barricade","floor":16},{"not_picked":["Heavy Blade","Spot Weakness"],"picked":"Seeing Red","floor":18},{"not_picked":["Feel No Pain","Infernal Blade"],"picked":"Body Slam","floor":21},{"not_picked":["Burning Pact","Hemokinesis"],"picked":"Power Through","floor":22},{"not_picked":["Heavy Blade","Cleave"],"picked":"Shrug It Off","floor":24},{"not_picked":["Armaments","Limit Break"],"picked":"Sentinel","floor":28},{"not_picked":["Burning Pact","Bloodletting"],"picked":"Feel No Pain","floor":29}],"player_experience":270493,"potions_floor_usage":[8,16,29],"damage_taken":[{"damage":0,"enemies":"2 Louse","floor":1,"turns":1},{"damage":0,"enemies":"Small Slimes","floor":3,"turns":2},{"damage":0,"enemies":"Lagavulin","floor":6,"turns":1},{"damage":3,"enemies":"Jaw Worm","floor":7,"turns":3},{"damage":18,"enemies":"Gremlin Nob","floor":8,"turns":3},{"damage":2,"enemies":"Looter","floor":10,"turns":3},{"damage":14,"enemies":"Exordium Thugs","floor":12,"turns":4},{"damage":41,"enemies":"The Guardian","floor":16,"turns":10},{"damage":5,"enemies":"3 Byrds","floor":18,"turns":4},{"damage":4,"enemies":"Chosen","floor":21,"turns":4},{"damage":16,"enemies":"Snake Plant","floor":22,"turns":4},{"damage":4,"enemies":"Sentry and Sphere","floor":24,"turns":6},{"damage":4,"enemies":"Chosen and Byrds","floor":28,"turns":4},{"damage":4,"enemies":"Book of Stabbing","floor":29,"turns":4},{"damage":109,"enemies":"Collector","floor":33,"turns":7}],"event_choices":[{"event_name":"The Cleric","player_choice":"Card Removal","floor":4,"damage_taken":0},{"event_name":"Accursed Blacksmith","player_choice":"Forge","floor":5,"damage_taken":0},{"event_name":"Shining Light","player_choice":"Entered Light","floor":14,"damage_taken":0},{"event_name":"Addict","player_choice":"Obtained Relic","floor":19,"damage_taken":0},{"event_name":"Beggar","player_choice":"Gave Gold","floor":25,"damage_taken":0},{"event_name":"The Woman in Blue","player_choice":"Bought 0 Potions","floor":31,"damage_taken":0}],"boss_relics":[{"not_picked":["Pandora\u0027s Box","Runic Dome"],"picked":"Sozu"}],"potions_floor_spawned":[6,8,10,12,18,24,28],"seed_played":"-6365893271428395757","killed_by":"Collector","ascension_level":0,"is_trial":false}