{"path_per_floor":["M","M","?","?","M","?","M","M","T","R","?","$","M","M","R","B",null,"M","?","M","?","$","R"],"character_chosen":"IRONCLAD","items_purchased":["Rampage","Shockwave","Swift Potion"],"gold_per_floor":[119,132,132,102,115,167,178,188,267,267,267,29,47,59,59,154,154,166,166,185,185,35,35],"floor_reached":24,"campfire_rested":0,"playtime":1071,"current_hp_per_floor":[79,79,63,63,62,62,59,60,70,70,70,70,73,64,64,10,90,77,77,52,36,36,36],"items_purged":["Clumsy","Writhe"],"gold":35,"play_id":"6ec38309-008b-414e-b5ec-94b42b09cd80","is_prod":false,"is_daily":false,"campfire_rituals":0,"campfire_upgraded":3,"is_hardmode":false,"path_taken":["M","M","?","?","M","?","M","M","T","R","?","$","?","M","R","BOSS","M","?","M","?","$","R","E"],"build_version":"2018-01-18-PROD4","purchased_purges":2,"victory":false,"master_deck":["Strike_R","Strike_R","Strike_R","Strike_R","Strike_R","Defend_R","Defend_R","Defend_R","Defend_R","Bash","Headbutt","Heavy Blade","Clash","Brutality","Rampage","Shockwave","Headbutt","Demon Form","Thunderclap","Heavy Blade","Necronomicurse"],"max_hp_per_floor":[80,80,80,80,80,80,80,80,90,90,90,90,90,90,90,90,90,90,90,90,90,90,90],"relics":["Burning Blood","Pear","Philosopher\u0027s Stone","Magic Flower","Necronomicon"],"campfire_meditates":0,"card_choices":[{"not_picked":["True Grit","Battle Trance"],"picked":"Headbutt"},{"not_picked":["Clash","Spot Weakness"],"picked":"Heavy Blade"},{"not_picked":["Feel No Pain","Second Wind"],"picked":"Clash"},{"not_picked":["Flame Barrier","Power Through"],"picked":"Headbutt"},{"not_picked":["Dark Embrace","Brutality"],"picked":"Demon Form"},{"not_picked":["Combust","Flex"],"picked":"Thunderclap"},{"not_picked":["Headbutt","Hemokinesis"],"picked":"Heavy Blade"}],"player_experience":24862,"potions_floor_usage":[7,8,8,14,18],"damage_taken":[{"damage":7,"enemies":"Small Slimes","floor":1,"turns":4},{"damage":6,"enemies":"Jaw Worm","floor":2,"turns":3},{"damage":7,"enemies":"2 Louse","floor":5,"turns":2},{"damage":9,"enemies":"Red Slaver","floor":7,"turns":3},{"damage":5,"enemies":"Exordium Thugs","floor":8,"turns":3},{"damage":3,"enemies":"3 Louse","floor":13,"turns":4},{"damage":15,"enemies":"Large Slime","floor":14,"turns":4},{"damage":60,"enemies":"The Guardian","floor":16,"turns":10},{"damage":19,"enemies":"Shell Parasite","floor":18,"turns":4},{"damage":34,"enemies":"Spheric Guardian","floor":20,"turns":4},{"damage":38,"enemies":"Slavers","floor":24,"turns":1}],"event_choices":[{"event_name":"Shining Light","player_choice":"Entered Light","floor":3,"damage_taken":0},{"event_name":"The Woman in Blue","player_choice":"Bought 2 Potions","floor":4,"damage_taken":0},{"event_name":"Golden Wing","player_choice":"Gained Gold","floor":6,"damage_taken":0},{"event_name":"Match and Keep!","player_choice":"2 cards matched","floor":11,"damage_taken":0},{"event_name":"The Mausoleum","player_choice":"Yes","floor":19,"damage_taken":0},{"event_name":"Cursed Tome","player_choice":"Obtained Book","floor":21,"damage_taken":0}],"boss_relics":[{"not_picked":["Eternal Feather","Question Card"],"picked":"Philosopher\u0027s Stone"}],"potions_floor_spawned":[2,8,14,16],"seed_played":"-2596899806761205329","killed_by":"Slavers","is_trial":false}