{"path_per_floor":["M","?","M","M","M","R","M","?","T","?","M","?","M","E","R"],"character_chosen":"IRONCLAD","items_purchased":[],"gold_per_floor":[114,189,208,221,237,237,255,255,255,255,270,235,249,276,276],"floor_reached":16,"campfire_rested":1,"playtime":874,"current_hp_per_floor":[80,69,69,49,47,47,43,48,48,41,33,54,60,12,37],"items_purged":[],"gold":276,"play_id":"d02d2832-f90f-426c-a561-d0d9cd90933f","is_prod":false,"is_daily":false,"campfire_rituals":0,"campfire_upgraded":1,"is_hardmode":false,"path_taken":["M","?","M","M","M","R","?","?","T","?","M","?","?","E","R","BOSS"],"build_version":"2018-01-18-PROD4","purchased_purges":0,"victory":false,"master_deck":["Strike_R","Strike_R","Strike_R","Strike_R","Strike_R","Defend_R","Defend_R","Defend_R","Defend_R","Bash","Cleave","Heavy Blade","Heavy Blade","Juggernaut","Heavy Blade","Headbutt","Double Tap"],"max_hp_per_floor":[80,80,80,80,80,80,80,85,85,85,85,85,85,85,85],"relics":["Burning Blood","Bird Faced Urn","Prayer Wheel","Meat on the Bone"],"campfire_meditates":0,"card_choices":[{"not_picked":["Sword Boomerang","Anger"],"picked":"Cleave"},{"not_picked":["Perfected Strike","Body Slam"],"picked":"Heavy Blade"},{"not_picked":["Anger","Dual Wield"],"picked":"Heavy Blade"},{"not_picked":["Wild Strike","Armaments"],"picked":"Juggernaut"},{"not_picked":["Clothesline","Burning Pact"],"picked":"Heavy Blade"},{"not_picked":["Iron Wave","Thunderclap"],"picked":"Headbutt"},{"not_picked":["Flame Barrier","Burning Pact"],"picked":"Double Tap"}],"player_experience":23294,"potions_floor_usage":[13,14],"damage_taken":[{"damage":6,"enemies":"Cultist","floor":1,"turns":4},{"damage":6,"enemies":"2 Louse","floor":3,"turns":3},{"damage":26,"enemies":"Blue Slaver","floor":4,"turns":4},{"damage":8,"enemies":"Large Slime","floor":5,"turns":5},{"damage":10,"enemies":"2 Fungi Beasts","floor":7,"turns":4},{"damage":14,"enemies":"3 Louse","floor":11,"turns":3},{"damage":0,"enemies":"Large Slime","floor":13,"turns":4},{"damage":54,"enemies":"3 Sentries","floor":14,"turns":7},{"damage":9,"enemies":"Slime Boss","floor":16,"turns":3}],"event_choices":[{"event_name":"World of Goop","player_choice":"Gather Gold","floor":2,"damage_taken":0},{"event_name":"Big Fish","player_choice":"Donut","floor":8,"damage_taken":0},{"event_name":"Scrap Ooze","player_choice":"success","floor":10,"damage_taken":7},{"event_name":"The Cleric","player_choice":"Healed","floor":12,"damage_taken":0}],"boss_relics":[],"potions_floor_spawned":[5,7,11],"seed_played":"5670825326811115939","killed_by":"Slime Boss","is_trial":false}