{"path_per_floor":["M","?","$","M","$","R","M","M","T","E","M","R","?","M","R","B",null,"M","?","M","M","$","R","M","E","T","R","?","?","?","M","R"],"character_chosen":"IRONCLAD","items_purchased":["Whirlwind","Metallicize","Anchor","Vajra","Bag of Marbles"],"gold_per_floor":[112,62,24,41,5,5,18,34,107,141,157,157,185,203,203,298,298,318,518,529,546,10,10,21,47,124,124,124,124,124,139,139],"floor_reached":33,"campfire_rested":2,"playtime":1854,"current_hp_per_floor":[76,76,76,74,74,74,71,68,68,54,60,60,63,62,62,54,80,80,80,73,62,62,62,71,38,38,62,62,62,47,48,73],"items_purged":["Strike_R"],"gold":139,"play_id":"6578b934-ba5d-4a50-aa7e-6f4e0599cf28","is_prod":false,"is_daily":false,"is_ascension_mode":false,"campfire_upgraded":4,"path_taken":["M","?","$","?","$","R","M","M","T","E","M","R","?","M","R","BOSS","M","?","M","M","$","R","M","E","T","R","?","?","?","?","R","BOSS"],"build_version":"2018-01-25-PROD3","purchased_purges":1,"victory":false,"master_deck":["Strike_R","Strike_R","Strike_R","Defend_R","Defend_R","Defend_R","Bash+1","Armaments","Whirlwind+1","Offering+1","Metallicize+1","Bloodletting+1","Blood for Blood","Reaper","Headbutt","Dual Wield+1","Burning Pact+1","Battle Trance"],"max_hp_per_floor":[80,80,80,80,80,80,80,80,80,80,80,80,80,80,80,80,80,80,80,80,80,80,80,80,80,80,80,80,80,85,85,85],"relics":["Black Blood","Shuriken","Molten Egg","Odd Mushroom","Anchor","Vajra","Bag of Marbles","Bird Faced Urn","Mercury Hourglass"],"card_choices":[{"not_picked":["True Grit","Havoc"],"picked":"Armaments"},{"not_picked":["Pommel Strike","Flame Barrier"],"picked":"Offering"},{"not_picked":["Headbutt","Armaments"],"picked":"Bloodletting"},{"not_picked":["True Grit","Pommel Strike"],"picked":"Blood for Blood"},{"not_picked":["Limit Break","Immolate"],"picked":"Reaper"},{"not_picked":["Armaments","Flex"],"picked":"Headbutt"},{"not_picked":["Cleave","Sword Boomerang"],"picked":"Dual Wield"},{"not_picked":["Headbutt","Dual Wield"],"picked":"Burning Pact"}],"player_experience":76162,"potions_floor_usage":[16,18,21,21,24,33],"damage_taken":[{"damage":10,"enemies":"Jaw Worm","floor":1,"turns":4},{"damage":8,"enemies":"Cultist","floor":4,"turns":5},{"damage":9,"enemies":"Blue Slaver","floor":7,"turns":4},{"damage":9,"enemies":"Large Slime","floor":8,"turns":5},{"damage":20,"enemies":"3 Sentries","floor":10,"turns":3},{"damage":0,"enemies":"2 Fungi Beasts","floor":11,"turns":2},{"damage":3,"enemies":"The Mushroom Lair","floor":13,"turns":2},{"damage":7,"enemies":"Exordium Thugs","floor":14,"turns":2},{"damage":14,"enemies":"The Guardian","floor":16,"turns":7},{"damage":13,"enemies":"3 Byrds","floor":18,"turns":4},{"damage":17,"enemies":"Spheric Guardian","floor":20,"turns":3},{"damage":29,"enemies":"Centurion and Healer","floor":21,"turns":6},{"damage":8,"enemies":"Snecko","floor":24,"turns":4},{"damage":49,"enemies":"Book of Stabbing","floor":25,"turns":8},{"damage":18,"enemies":"Snake Plant","floor":31,"turns":3},{"damage":97,"enemies":"Collector","floor":33,"turns":8}],"event_choices":[{"event_name":"The Cleric","player_choice":"Card Removal","floor":2,"damage_taken":0},{"event_name":"Mushrooms","player_choice":"Fought Mushrooms","floor":13,"damage_taken":0},{"event_name":"Wheel of Change","player_choice":"Gold","floor":19,"damage_taken":0},{"event_name":"Back to Basics","player_choice":"Elegance","floor":28,"damage_taken":0},{"event_name":"The Library","player_choice":"Read","floor":29,"damage_taken":0},{"event_name":"Forgotten Altar","player_choice":"Shed Blood","floor":30,"damage_taken":0}],"boss_relics":[{"not_picked":["Calling Bell","Black Star"],"picked":"Black Blood"}],"potions_floor_spawned":[4,7,13,16,21,25],"seed_played":"1934304922018475456","killed_by":"Collector","ascension_level":0,"is_trial":false}