{"path_per_floor":["M","M","$","M","$","?","R","?","T","M","R","E","M","M","R","B",null,"M","M","?","?","M","R","M","?","T","M","M","M","$","M","R"],"character_chosen":"IRONCLAD","items_purchased":["Inflame","Shrug It Off","Apotheosis"],"gold_per_floor":[113,132,3,17,17,17,17,17,64,79,79,105,122,133,133,229,229,239,255,255,255,266,266,278,278,278,290,300,320,64,82,82],"floor_reached":33,"campfire_rested":3,"playtime":1022,"current_hp_per_floor":[68,72,72,71,71,71,71,71,71,66,66,55,28,36,75,22,66,51,41,25,80,50,80,60,60,60,14,20,24,24,15,54],"items_purged":["Bash"],"gold":82,"score":329,"play_id":"6318801e-2bed-4a4d-a7bf-b65480da9a98","is_prod":false,"is_daily":false,"is_ascension_mode":true,"campfire_upgraded":2,"path_taken":["M","M","$","M","$","?","R","?","T","M","R","E","M","M","R","BOSS","M","?","?","?","M","R","M","?","T","?","M","M","?","M","R","BOSS"],"build_version":"2018-02-15-PROD1","purchased_purges":1,"victory":false,"master_deck":["Strike_R+1","Strike_R+1","Strike_R+1","Strike_R+1","Strike_R+1","Defend_R+1","Defend_R+1","Defend_R+1","Defend_R+1","Cleave","Flex+1","Inflame","Shrug It Off+1","Iron Wave","Twin Strike","Headbutt","Offering","Seeing Red","Necronomicurse","Sword Boomerang+1","Heavy Blade","Uppercut","Immolate","Apotheosis","Pummel"],"max_hp_per_floor":[80,80,80,80,80,80,80,80,80,80,80,80,80,80,80,80,80,80,80,80,80,80,80,80,80,80,80,80,80,80,80,80],"relics":["Burning Blood","Blood Vial","Regal Pillow","Dream Catcher","Lizard Tail","Necronomicon","Thread and Needle"],"card_choices":[{"not_picked":["Headbutt","Carnage"],"picked":"Cleave"},{"not_picked":["Dual Wield","Fire Breathing"],"picked":"Flex"},{"not_picked":["Berserk","Pommel Strike"],"picked":"Iron Wave"},{"not_picked":["Havoc","Combust"],"picked":"Twin Strike"},{"not_picked":["Wild Strike","True Grit"],"picked":"Headbutt"},{"not_picked":["Bludgeon","Impervious"],"picked":"Offering"},{"not_picked":["Anger","Dual Wield"],"picked":"Seeing Red"},{"not_picked":["Hemokinesis","Clash"],"picked":"Sword Boomerang"},{"not_picked":["Exhume","Perfected Strike"],"picked":"Heavy Blade"},{"not_picked":["Wild Strike","Sever Soul"],"picked":"Uppercut"},{"not_picked":["Thunderclap","Headbutt"],"picked":"Immolate"},{"not_picked":["Havoc","Pommel Strike"],"picked":"Pummel"}],"player_experience":160376,"potions_floor_usage":[12,12,14,16,19,29,31],"damage_taken":[{"damage":12,"enemies":"Jaw Worm","floor":1,"turns":2},{"damage":4,"enemies":"Small Slimes","floor":2,"turns":3},{"damage":9,"enemies":"2 Louse","floor":4,"turns":3},{"damage":13,"enemies":"Exordium Wildlife","floor":10,"turns":2},{"damage":31,"enemies":"Lagavulin","floor":12,"turns":6},{"damage":35,"enemies":"Gremlin Gang","floor":13,"turns":5},{"damage":0,"enemies":"Large Slime","floor":14,"turns":3},{"damage":61,"enemies":"The Guardian","floor":16,"turns":9},{"damage":23,"enemies":"Chosen","floor":18,"turns":4},{"damage":18,"enemies":"2 Thieves","floor":19,"turns":4},{"damage":36,"enemies":"Snecko","floor":22,"turns":4},{"damage":26,"enemies":"3 Cultists","floor":24,"turns":4},{"damage":54,"enemies":"Slaver and Parasite","floor":27,"turns":5},{"damage":2,"enemies":"Chosen and Byrds","floor":28,"turns":4},{"damage":4,"enemies":"Cultist and Chosen","floor":29,"turns":3},{"damage":17,"enemies":"Snake Plant","floor":31,"turns":4},{"damage":132,"enemies":"Automaton","floor":33,"turns":10}],"event_choices":[{"event_name":"The Cleric","player_choice":"Leave","floor":6,"damage_taken":0},{"event_name":"Liars Game","player_choice":"disagreed","floor":8,"damage_taken":0},{"event_name":"Cursed Tome","player_choice":"Obtained Book","floor":20,"damage_taken":0},{"event_name":"Wheel of Change","player_choice":"Full Heal","floor":21,"damage_taken":0},{"event_name":"Back to Basics","player_choice":"Simplicity","floor":25,"damage_taken":0}],"boss_relics":[{"not_picked":["Black Star","Runic Pyramid"],"picked":"Lizard Tail"}],"potions_floor_spawned":[2,10,13,14,18,24,28],"seed_played":"-2364553108972981433","killed_by":"Automaton","ascension_level":6,"is_trial":false}