{"path_per_floor":["M","?","?","$","M","R","$","M","T","?","E","M","R","E","R","B",null,"M","$","?","T","?","R","?","E","T","M"],"character_chosen":"IRONCLAD","items_purchased":["Apotheosis","Metallicize","Jack Of All Trades"],"gold_per_floor":[114,289,346,93,104,104,64,84,107,107,133,144,144,471,471,567,567,587,387,387,387,387,387,387,417,417,437],"floor_reached":28,"campfire_rested":1,"playtime":1087,"current_hp_per_floor":[87,87,87,87,88,88,88,87,87,87,75,79,79,62,62,55,88,58,58,58,58,58,84,68,30,30,20],"items_purged":["Doubt","Bash"],"gold":437,"score":266,"play_id":"9c7c68f6-2092-4434-b306-d9700feccb8a","is_prod":false,"is_daily":false,"is_ascension_mode":true,"campfire_upgraded":3,"path_taken":["M","?","?","$","?","R","$","M","T","?","E","M","R","E","R","BOSS","M","$","?","?","?","R","?","E","T","M","M"],"build_version":"2018-02-12-PROD1","purchased_purges":2,"victory":false,"master_deck":["Strike_R","Strike_R","Strike_R","Strike_R","Strike_R","Defend_R","Defend_R","Defend_R","Defend_R","Clothesline","Apotheosis+1","Body Slam+1","Metallicize","Dark Embrace+1","Shrug It Off","Barricade","Thunderclap","Jack Of All Trades","Ghostly Armor","Necronomicurse"],"max_hp_per_floor":[88,88,88,88,88,88,88,88,88,88,88,88,88,88,88,88,88,88,88,88,88,88,88,88,88,88,88],"relics":["Black Blood","Dream Catcher","Pantograph","Old Coin","Du-Vu Doll","Necronomicon","The Courier","Shovel"],"card_choices":[{"not_picked":["Rage","Havoc"],"picked":"Clothesline"},{"not_picked":["Pommel Strike","Shockwave"],"picked":"Body Slam"},{"not_picked":["Anger","True Grit"],"picked":"Dark Embrace"},{"not_picked":["Perfected Strike","Rage"],"picked":"Shrug It Off"},{"not_picked":["Berserk","Demon Form"],"picked":"Barricade"},{"not_picked":["Flex","Intimidate"],"picked":"Thunderclap"},{"not_picked":["Inflame","Anger"],"picked":"Ghostly Armor"}],"player_experience":123811,"potions_floor_usage":[5,25,25],"damage_taken":[{"damage":7,"enemies":"2 Louse","floor":1,"turns":3},{"damage":0,"enemies":"Small Slimes","floor":5,"turns":3},{"damage":7,"enemies":"Blue Slaver","floor":8,"turns":5},{"damage":18,"enemies":"3 Sentries","floor":11,"turns":7},{"damage":2,"enemies":"Large Slime","floor":12,"turns":7},{"damage":23,"enemies":"Gremlin Nob","floor":14,"turns":5},{"damage":38,"enemies":"The Guardian","floor":16,"turns":12},{"damage":40,"enemies":"Shell Parasite","floor":18,"turns":10},{"damage":48,"enemies":"Gremlin Leader","floor":25,"turns":9},{"damage":20,"enemies":"Spheric Guardian","floor":27,"turns":7},{"damage":28,"enemies":"Snecko","floor":28,"turns":5}],"event_choices":[{"event_name":"Liars Game","player_choice":"agreed","floor":2,"damage_taken":0},{"event_name":"Golden Wing","player_choice":"Gained Gold","floor":3,"damage_taken":0},{"event_name":"Match and Keep!","player_choice":"0 cards matched","floor":10,"damage_taken":0},{"event_name":"Vampires","player_choice":"Ignored","floor":20,"damage_taken":0},{"event_name":"Drug Dealer","player_choice":"Ignored","floor":22,"damage_taken":0},{"event_name":"Cursed Tome","player_choice":"Obtained Book","floor":24,"damage_taken":0}],"boss_relics":[{"not_picked":["Runic Dome","Tiny House"],"picked":"Black Blood"}],"potions_floor_spawned":[1,14,16],"seed_played":"8940024265116166662","killed_by":"Snecko","ascension_level":2,"is_trial":false}