{"path_per_floor":["M","?","$","?","?","R","M","$","T","M","R","M","E","M","R","B",null,"M","?","M","?","?","E","R","$","T","M","T","M","M","E","R","B",null,"M","?","$","?","M","R","E","R","T","?","?","M","?","M","R"],"character_chosen":"IRONCLAD","items_purchased":["Shrug It Off","Double Tap","Flex","Evolve"],"gold_per_floor":[115,115,40,40,40,40,55,5,5,23,23,40,70,81,81,186,186,196,196,209,209,209,236,236,15,38,56,82,96,106,137,137,232,232,243,243,81,81,101,101,127,127,151,151,0,17,17,32,32],"floor_reached":50,"campfire_rested":4,"playtime":1705,"current_hp_per_floor":[63,63,63,63,63,63,69,69,69,63,63,69,51,57,57,22,66,73,73,71,71,71,68,68,68,68,47,47,34,16,43,67,47,72,64,64,64,64,58,80,59,80,80,80,80,42,62,34,58],"items_purged":["Bash","Defend_R","Battle Trance"],"gold":32,"score":595,"play_id":"38ee3175-671f-4196-b50d-5fa88a994300","is_prod":false,"is_daily":false,"is_ascension_mode":true,"campfire_upgraded":4,"path_taken":["M","?","$","?","?","R","M","$","T","M","R","M","E","M","R","BOSS","M","?","?","?","?","E","R","$","T","M","?","M","M","E","R","BOSS","M","?","$","?","M","R","E","R","T","?","?","M","?","?","R","BOSS"],"build_version":"2018-02-15-PROD1","purchased_purges":3,"victory":false,"master_deck":["Strike_R","Strike_R","Defend_R","Uppercut+1","Fiend Fire+1","Feel No Pain+1","Shrug It Off","Intimidate","Flex+1","Cleave","Reaper","Perfected Strike+1","True Grit+1","Bloodletting+1","Headbutt+1","Corruption+1","Battle Trance+1","Double Tap+1","Flex+1","Thunderclap+1","Sentinel","Dark Embrace","Limit Break","Evolve","Clothesline+1","Power Through+1","Pummel","Writhe"],"max_hp_per_floor":[80,80,80,80,80,80,80,80,80,80,80,80,80,80,80,80,80,80,80,80,80,80,80,80,80,80,80,80,80,80,80,80,80,80,80,80,80,80,80,80,80,80,80,80,80,80,80,80,80],"relics":["Burning Blood","Red Skull","Anchor","Astrolabe","Happy Flower","Blood Vial","Prayer Wheel","Bronze Scales","The Courier","Runic Cube","Kunai","War Paint","Red Mask"],"card_choices":[{"not_picked":["Twin Strike","Evolve"],"picked":"Uppercut"},{"not_picked":["Uppercut","Heavy Blade"],"picked":"Feel No Pain"},{"not_picked":["Havoc","Reckless Charge"],"picked":"Intimidate"},{"not_picked":["Shrug It Off","Power Through"],"picked":"Flex"},{"not_picked":["Fiend Fire","Berserk"],"picked":"Battle Trance"},{"not_picked":["Shrug It Off","Flex"],"picked":"Cleave"},{"not_picked":["Dark Embrace","Impervious"],"picked":"Reaper"},{"not_picked":["Shrug It Off","Pommel Strike"],"picked":"Headbutt"},{"not_picked":["Clothesline","Twin Strike"],"picked":"Corruption"},{"not_picked":["Armaments","Anger"],"picked":"Thunderclap"},{"not_picked":["Anger","Second Wind"],"picked":"Sentinel"},{"not_picked":["Pummel","Heavy Blade"],"picked":"Dark Embrace"},{"not_picked":["Demon Form","Berserk"],"picked":"Limit Break"},{"not_picked":["Anger","Iron Wave"],"picked":"Clothesline"},{"not_picked":["Warcry","True Grit"],"picked":"Power Through"},{"not_picked":["Carnage","Twin Strike"],"picked":"Pummel"}],"player_experience":157288,"potions_floor_usage":[13,14,18,18,29,30,33,35,39,41,50],"damage_taken":[{"damage":15,"enemies":"Small Slimes","floor":1,"turns":3},{"damage":0,"enemies":"Cultist","floor":7,"turns":2},{"damage":12,"enemies":"Jaw Worm","floor":10,"turns":2},{"damage":0,"enemies":"2 Fungi Beasts","floor":12,"turns":2},{"damage":24,"enemies":"Lagavulin","floor":13,"turns":4},{"damage":0,"enemies":"Large Slime","floor":14,"turns":3},{"damage":41,"enemies":"Slime Boss","floor":16,"turns":8},{"damage":11,"enemies":"Shell Parasite","floor":18,"turns":4},{"damage":8,"enemies":"2 Thieves","floor":20,"turns":4},{"damage":15,"enemies":"Book of Stabbing","floor":23,"turns":3},{"damage":39,"enemies":"Centurion and Healer","floor":27,"turns":4},{"damage":21,"enemies":"Sentry and Sphere","floor":29,"turns":4},{"damage":26,"enemies":"Slaver and Parasite","floor":30,"turns":3},{"damage":16,"enemies":"Slavers","floor":31,"turns":3},{"damage":34,"enemies":"Collector","floor":33,"turns":7},{"damage":16,"enemies":"3 Shapes","floor":35,"turns":3},{"damage":26,"enemies":"3 Darklings","floor":39,"turns":4},{"damage":27,"enemies":"Nemesis","floor":41,"turns":5},{"damage":46,"enemies":"Sphere and 2 Shapes","floor":46,"turns":4},{"damage":36,"enemies":"Maw","floor":48,"turns":7},{"damage":103,"enemies":"Time Eater","floor":50,"turns":7}],"event_choices":[{"event_name":"The Woman in Blue","player_choice":"Bought 0 Potions","floor":2,"damage_taken":0},{"event_name":"Living Wall","player_choice":"Grow","floor":4,"damage_taken":0},{"event_name":"Transmorgrifier","player_choice":"Transform","floor":5,"damage_taken":0},{"event_name":"The Mausoleum","player_choice":"Yes","floor":19,"damage_taken":0},{"event_name":"Duplicator","player_choice":"One dupe","floor":21,"damage_taken":0},{"event_name":"Drug Dealer","player_choice":"Ignored","floor":22,"damage_taken":0},{"event_name":"Mysterious Sphere","player_choice":"Ignore","floor":38,"damage_taken":0},{"event_name":"Accursed Blacksmith","player_choice":"Ignore","floor":44,"damage_taken":0},{"event_name":"Tomb of Lord Red Mask","player_choice":"Paid","floor":45,"damage_taken":0},{"event_name":"Winding Halls","player_choice":"Writhe","floor":47,"damage_taken":0}],"boss_relics":[{"not_picked":["Orrery","Velvet Choker"],"picked":"Astrolabe"},{"not_picked":["Mark of Pain","Calling Bell"],"picked":"Runic Cube"}],"potions_floor_spawned":[1,12,14,16,23,27,29,33,35,46],"seed_played":"-265451561891910752","killed_by":"Time Eater","ascension_level":6,"is_trial":false}