{"path_per_floor":["M","?","$","?","?","R","M","E","T","?","M","$","R","M","R","B",null,"M","?","M","?"],"character_chosen":"IRONCLAD","items_purchased":[],"gold_per_floor":[113,113,38,38,38,38,56,83,83,83,101,1,1,16,16,111,111,130,130,140,140],"floor_reached":22,"campfire_rested":0,"playtime":691,"current_hp_per_floor":[77,77,77,61,61,61,65,57,57,50,58,58,58,60,60,41,76,54,54,66,66],"items_purged":["Strike_R","Defend_R"],"gold":140,"score":255,"play_id":"fdb398f5-4278-4cb1-b5ab-ead495fd1e0b","is_prod":false,"is_daily":false,"is_ascension_mode":true,"campfire_upgraded":3,"path_taken":["M","?","$","?","?","R","M","E","T","?","M","$","R","M","R","BOSS","M","?","?","?","M"],"build_version":"2018-02-22-PROD1","purchased_purges":2,"victory":false,"master_deck":["Strike_R","Strike_R+1","Defend_R+1","Uppercut+1","True Grit+1","Flame Barrier+1","Feel No Pain+1","Barricade+1","Corruption+1","Shrug It Off","Infernal Blade"],"max_hp_per_floor":[80,80,80,80,80,80,80,87,87,87,87,87,87,87,87,87,87,87,87,87,87],"relics":["Burning Blood","Blood Vial","Strawberry","Magic Flower","Astrolabe"],"card_choices":[{"not_picked":["Metallicize","True Grit"],"picked":"Uppercut"},{"not_picked":["Twin Strike","Rage"],"picked":"True Grit"},{"not_picked":["Flex","Havoc"],"picked":"Flame Barrier"},{"not_picked":["Twin Strike","Rage"],"picked":"Shrug It Off"},{"not_picked":["Perfected Strike","Rampage"],"picked":"Infernal Blade"}],"player_experience":191297,"potions_floor_usage":[8,14],"damage_taken":[{"damage":3,"enemies":"2 Louse","floor":1,"turns":3},{"damage":4,"enemies":"Small Slimes","floor":7,"turns":3},{"damage":23,"enemies":"3 Sentries","floor":8,"turns":7},{"damage":4,"enemies":"Jaw Worm","floor":11,"turns":3},{"damage":10,"enemies":"2 Fungi Beasts","floor":14,"turns":3},{"damage":31,"enemies":"The Guardian","floor":16,"turns":15},{"damage":34,"enemies":"Chosen","floor":18,"turns":7},{"damage":0,"enemies":"3 Byrds","floor":20,"turns":1},{"damage":79,"enemies":"Slaver and Parasite","floor":22,"turns":9}],"event_choices":[{"event_name":"Liars Game","player_choice":"disagreed","floor":2,"damage_taken":0},{"event_name":"Shining Light","player_choice":"Entered Light","floor":4,"damage_taken":0},{"event_name":"Accursed Blacksmith","player_choice":"Forge","floor":5,"damage_taken":0},{"event_name":"Golden Wing","player_choice":"Card Removal","floor":10,"damage_taken":0},{"event_name":"Back to Basics","player_choice":"Elegance","floor":19,"damage_taken":0},{"event_name":"The Woman in Blue","player_choice":"Bought 0 Potions","floor":21,"damage_taken":0}],"boss_relics":[{"not_picked":["Pandora\u0027s Box","Question Card"],"picked":"Astrolabe"}],"potions_floor_spawned":[1,7,11,20],"seed_played":"3635086739985981373","killed_by":"Slaver and Parasite","ascension_level":8,"is_trial":false}