{"path_per_floor":["M","$","?","$","M","R","M","R","T","M","?","M","R","M","R","B",null,"M","M","M","?","$","R","M","E","T","?","M","$","?","?","R","B",null,"M","?","M","$","?","R","M","R","T","?","M","M","$","M","R","B"],"character_chosen":"IRONCLAD","items_purchased":["Body Slam","Shrug It Off","Ghostly Armor","Impervious","Entrench"],"gold_per_floor":[110,35,110,35,47,47,67,67,67,77,77,90,90,108,108,205,205,191,207,217,217,79,79,96,123,177,177,191,66,66,66,66,167,167,179,179,194,30,0,0,11,11,38,84,100,120,38,57,57,57],"floor_reached":51,"campfire_rested":5,"playtime":2656,"current_hp_per_floor":[70,70,59,59,42,42,45,45,45,57,57,66,66,75,75,31,68,56,44,39,39,39,63,50,52,52,52,33,33,33,33,57,29,67,68,58,40,40,40,64,49,73,73,75,64,71,71,67,97,25],"items_purged":["Strike_R","Strike_R","Strike_R"],"gold":57,"score":672,"play_id":"3d244974-80bb-4e9b-aa18-e5104b47a1c9","is_prod":false,"is_daily":false,"is_ascension_mode":true,"campfire_upgraded":4,"path_taken":["M","$","?","?","?","R","M","R","T","M","?","?","R","M","R","BOSS","M","M","?","?","$","R","M","E","T","?","M","$","?","?","R","BOSS","M","?","M","$","?","R","M","R","T","?","M","M","$","M","R","BOSS"],"build_version":"2018-02-15-PROD1","purchased_purges":3,"victory":true,"master_deck":["Strike_R","Defend_R","Defend_R","Defend_R","Defend_R","Bash","Burning Pact","Body Slam+1","Shrug It Off+1","Armaments","Juggernaut+1","Feel No Pain+1","Shockwave+1","Shrug It Off","Ghostly Armor","Metallicize+1","Dual Wield+1","True Grit","Madness","Madness","Impervious","Metallicize+1","Battle Trance+1","Entrench"],"max_hp_per_floor":[80,80,80,80,80,80,80,80,80,80,80,80,80,80,80,80,80,80,80,80,80,80,80,80,80,80,80,80,80,80,80,80,80,80,80,80,80,80,80,80,80,80,80,96,98,100,100,102,102,102],"relics":["Burning Blood","Prayer Wheel","Magic Flower","Mark of Pain","Bag of Marbles","Anchor","White Beast Statue","Red Mask","Singing Bowl","Mango"],"card_choices":[{"not_picked":["Warcry","Clash"],"picked":"Burning Pact"},{"not_picked":["Body Slam","Wild Strike"],"picked":"Armaments"},{"not_picked":["Flex","Heavy Blade"],"picked":"Juggernaut"},{"not_picked":["Evolve","True Grit"],"picked":"Feel No Pain"},{"not_picked":["Heavy Blade","Ghostly Armor"],"picked":"Shockwave"},{"not_picked":["Rage","Thunderclap"],"picked":"Shrug It Off"},{"not_picked":["Shockwave","Flex"],"picked":"Metallicize"},{"not_picked":["Searing Blow","Carnage"],"picked":"Dual Wield"},{"not_picked":["Anger","Heavy Blade"],"picked":"Metallicize"},{"not_picked":["Seeing Red","Searing Blow"],"picked":"Battle Trance"}],"player_experience":168718,"potions_floor_usage":[10,12,16,24,25,33,37,37,44,46,46,48,48,50],"damage_taken":[{"damage":8,"enemies":"Small Slimes","floor":1,"turns":4},{"damage":23,"enemies":"Jaw Worm","floor":5,"turns":8},{"damage":3,"enemies":"Cultist","floor":7,"turns":4},{"damage":17,"enemies":"Red Slaver","floor":10,"turns":5},{"damage":0,"enemies":"Looter","floor":12,"turns":3},{"damage":0,"enemies":"Large Slime","floor":14,"turns":6},{"damage":78,"enemies":"Slime Boss","floor":16,"turns":13},{"damage":21,"enemies":"2 Thieves","floor":18,"turns":5},{"damage":21,"enemies":"Shell Parasite","floor":19,"turns":7},{"damage":14,"enemies":"Snake Plant","floor":20,"turns":5},{"damage":22,"enemies":"Snecko","floor":24,"turns":7},{"damage":32,"enemies":"Slavers","floor":25,"turns":8},{"damage":28,"enemies":"Slaver and Parasite","floor":28,"turns":8},{"damage":37,"enemies":"Collector","floor":33,"turns":11},{"damage":8,"enemies":"3 Shapes","floor":35,"turns":6},{"damage":27,"enemies":"3 Darklings","floor":37,"turns":5},{"damage":24,"enemies":"Sphere and 2 Shapes","floor":41,"turns":6},{"damage":23,"enemies":"Mysterious Sphere","floor":44,"turns":9},{"damage":22,"enemies":"4 Shapes","floor":45,"turns":12},{"damage":4,"enemies":"Maw","floor":46,"turns":10},{"damage":15,"enemies":"3 Darklings","floor":48,"turns":8},{"damage":81,"enemies":"Time Eater","floor":50,"turns":18}],"event_choices":[{"event_name":"World of Goop","player_choice":"Gather Gold","floor":3,"damage_taken":0},{"event_name":"Liars Game","player_choice":"disagreed","floor":11,"damage_taken":0},{"event_name":"N\u0027loth","player_choice":"Ignored","floor":21,"damage_taken":0},{"event_name":"Transmorgrifier","player_choice":"Transform","floor":27,"damage_taken":0},{"event_name":"Vampires","player_choice":"Ignored","floor":30,"damage_taken":0},{"event_name":"Cursed Tome","player_choice":"Ignored","floor":31,"damage_taken":0},{"event_name":"Winding Halls","player_choice":"Embrace Madness","floor":36,"damage_taken":0},{"event_name":"Tomb of Lord Red Mask","player_choice":"Paid","floor":39,"damage_taken":0},{"event_name":"Mysterious Sphere","player_choice":"Fight","floor":44,"damage_taken":0}],"boss_relics":[{"not_picked":["Snecko Eye","Calling Bell"],"picked":"Mark of Pain"},{"not_picked":["Orrery","Astrolabe"],"picked":"White Beast Statue"}],"potions_floor_spawned":[1,5,7,20,24,28,33,35,37,41,44,45,46,48],"seed_played":"9132357443154555636","ascension_level":6,"is_trial":false}