{"path_per_floor":["M","$","?","M","$","R","E","?","T","M","R","?","M","E","R","B",null,"M","M","?","M","$","E","$","R","T","R","?","?","M","E","R","B",null,"M","?","?","$","?","R","E","R","T","R","M","E","T","E","R"],"character_chosen":"IRONCLAD","items_purchased":["Twin Strike","Bag of Marbles","Pear","Heavy Blade"],"gold_per_floor":[111,10,10,28,28,28,62,62,89,109,109,109,124,157,157,283,283,304,324,324,340,260,301,72,72,72,72,72,122,146,215,215,340,340,353,353,353,233,233,233,267,267,337,337,361,404,404,440,440],"floor_reached":50,"campfire_rested":5,"playtime":1683,"current_hp_per_floor":[75,75,50,49,49,75,48,48,48,50,74,74,68,66,66,49,73,69,55,55,50,50,54,64,64,64,91,91,91,80,91,91,44,79,91,91,80,80,80,80,58,85,85,85,83,93,93,39,82],"items_purged":["Strike_R","Regret","Strike_R"],"gold":440,"score":838,"play_id":"3aaaabee-bc98-4ed8-b551-928dffe45636","is_prod":false,"is_daily":false,"is_ascension_mode":true,"campfire_upgraded":5,"path_taken":["M","$","?","M","$","R","E","?","T","M","R","?","M","E","R","BOSS","M","M","?","M","$","E","$","R","T","R","?","?","?","E","R","BOSS","M","?","?","$","?","R","E","R","T","R","M","E","?","E","R","BOSS"],"build_version":"2018-02-22-PROD2","purchased_purges":3,"victory":false,"master_deck":["Strike_R+1","Defend_R","Defend_R","Defend_R","Defend_R","Bash+1","Inflame+1","Twin Strike","Spot Weakness+1","Offering+1","Thunderclap","Cleave+1","Reaper","Uppercut+1","Shrug It Off+1","Madness","Madness","Heavy Blade+1"],"max_hp_per_floor":[88,88,88,88,88,88,88,81,81,81,81,81,81,81,81,81,81,81,81,81,81,81,81,91,91,91,91,91,91,91,91,91,91,91,91,91,91,91,91,91,91,91,91,91,91,93,93,95,95],"relics":["Burning Blood","Orichalcum","Omamori","Golden Idol","Whetstone","The Courier","Calling Bell","Blood Vial","Meat on the Bone","Happy Flower","Mummified Hand","Bag of Marbles","Pear","Torii","Tiny Chest","Black Star","Blue Candle","Sundial","Unceasing Top","Kunai","Regal Pillow","Singing Bowl","Bronze Scales","Prayer Wheel","Ancient Tea Set"],"card_choices":[{"not_picked":["Warcry","Clash"],"picked":"Inflame"},{"not_picked":["Anger","Clothesline"],"picked":"Spot Weakness"},{"not_picked":["Whirlwind","Headbutt"],"picked":"Offering"},{"not_picked":["Disarm","Infernal Blade"],"picked":"Thunderclap"},{"not_picked":["Offering","Rage"],"picked":"Cleave"},{"not_picked":["Double Tap","Exhume"],"picked":"Reaper"},{"not_picked":["Searing Blow","Warcry"],"picked":"Uppercut"},{"not_picked":["Body Slam","True Grit"],"picked":"Shrug It Off"}],"player_experience":208385,"potions_floor_usage":[16,21,23,23,23,33,46,50],"damage_taken":[{"damage":11,"enemies":"2 Louse","floor":1,"turns":3},{"damage":7,"enemies":"Jaw Worm","floor":4,"turns":3},{"damage":33,"enemies":"Lagavulin","floor":7,"turns":8},{"damage":4,"enemies":"Cultist","floor":10,"turns":3},{"damage":12,"enemies":"3 Louse","floor":13,"turns":2},{"damage":8,"enemies":"Gremlin Nob","floor":14,"turns":3},{"damage":23,"enemies":"Slime Boss","floor":16,"turns":6},{"damage":12,"enemies":"Spheric Guardian","floor":18,"turns":3},{"damage":25,"enemies":"Shell Parasite","floor":19,"turns":4},{"damage":34,"enemies":"Snake Plant","floor":21,"turns":3},{"damage":41,"enemies":"Book of Stabbing","floor":23,"turns":4},{"damage":17,"enemies":"Sentry and Sphere","floor":30,"turns":4},{"damage":23,"enemies":"Gremlin Leader","floor":31,"turns":4},{"damage":99,"enemies":"Automaton","floor":33,"turns":9},{"damage":5,"enemies":"3 Darklings","floor":35,"turns":3},{"damage":57,"enemies":"Nemesis","floor":41,"turns":7},{"damage":31,"enemies":"3 Shapes","floor":45,"turns":3},{"damage":27,"enemies":"2 Orb Walkers","floor":46,"turns":3},{"damage":85,"enemies":"Giant Head","floor":48,"turns":8},{"damage":107,"enemies":"Awakened One","floor":50,"turns":7}],"event_choices":[{"event_name":"Scrap Ooze","player_choice":"success","floor":3,"damage_taken":25},{"event_name":"Golden Idol","player_choice":"Lose Max HP","floor":8,"damage_taken":0},{"event_name":"Bonfire Elementals","player_choice":"BASIC","floor":12,"damage_taken":0},{"event_name":"The Lab","player_choice":"Got Potions","floor":20,"damage_taken":0},{"event_name":"Back to Basics","player_choice":"Elegance","floor":28,"damage_taken":0},{"event_name":"The Joust","player_choice":"Bet on Murderer","floor":29,"damage_taken":0},{"event_name":"Upgrade Shrine","player_choice":"Upgraded","floor":36,"damage_taken":0},{"event_name":"Winding Halls","player_choice":"Embrace Madness","floor":37,"damage_taken":0},{"event_name":"Wheel of Change","player_choice":"Relic","floor":39,"damage_taken":0}],"boss_relics":[{"not_picked":["Snecko Eye","Eternal Feather"],"picked":"Calling Bell"},{"not_picked":["Lizard Tail","Question Card"],"picked":"Black Star"}],"potions_floor_spawned":[7,10,18,21,23,45,48],"seed_played":"8887792603765775172","killed_by":"Awakened One","ascension_level":8,"is_trial":false}