{"path_per_floor":["M","M","$","?","?","E","$","M","T","M","R","M","M","M","R","B",null,"M","M","$","M","?","E","R","?","T","M","E","?","M","M","R","B",null,"M","M","?","M","M","R","M","?","T","?","R","M"],"character_chosen":"IRONCLAD","items_purchased":["Apotheosis"],"gold_per_floor":[219,232,45,45,120,151,76,87,87,98,98,114,125,135,135,232,232,232,187,87,87,12,12,12,12,12,12,12,12,12,12,12,12,12,12,12,0,0,0,0,0,0,0,0,0,0],"floor_reached":47,"campfire_rested":5,"playtime":2052,"current_hp_per_floor":[69,69,69,69,58,46,46,52,52,50,50,56,53,59,80,80,80,80,73,73,73,73,70,88,88,88,85,70,54,53,58,85,63,85,83,77,77,48,34,64,10,10,10,35,67,54],"items_purged":["Strike_R","Bash"],"gold":0,"score":617,"play_id":"b3bd7f55-7745-45d6-872b-380b18730a5b","is_prod":false,"is_daily":false,"is_ascension_mode":true,"campfire_upgraded":1,"path_taken":["M","M","$","?","?","E","?","?","T","M","R","M","M","M","R","BOSS","M","M","$","M","?","E","R","?","T","M","E","?","M","M","R","BOSS","M","M","?","M","M","R","M","?","T","?","R","M","M"],"build_version":"2018-02-22-PROD1","purchased_purges":2,"victory":false,"master_deck":["Strike_R","Strike_R","Defend_R","Defend_R","Defend_R","Defend_R","Shrug It Off","Flex","Apotheosis+1","Twin Strike","Thunderclap","Heavy Blade","Uppercut","Whirlwind","Feed","Flame Barrier","Headbutt+1","Inflame+1","Intimidate+1","Writhe"],"max_hp_per_floor":[80,80,80,80,80,80,80,80,80,80,80,80,80,80,80,80,80,80,84,84,88,88,88,88,88,88,88,92,92,92,92,92,92,92,96,96,96,100,100,100,100,100,100,100,102,104],"relics":["Burning Blood","Bag of Marbles","Torii","Ectoplasm","Dream Catcher","Juzu Bracelet","Unceasing Top","Nilry\u0027s Codex","Mark of Pain","Red Mask","Singing Bowl"],"card_choices":[{"not_picked":["Shockwave","Seeing Red"],"picked":"Shrug It Off"},{"not_picked":["Sever Soul","Body Slam"],"picked":"Flex"},{"not_picked":["Ghostly Armor","Bludgeon"],"picked":"Twin Strike"},{"not_picked":["Havoc","Clash"],"picked":"Thunderclap"},{"not_picked":["Dropkick","Evolve"],"picked":"Heavy Blade"},{"not_picked":["Wild Strike","Dropkick"],"picked":"Uppercut"},{"not_picked":["True Grit","Dual Wield"],"picked":"Whirlwind"},{"not_picked":["Impervious","Fiend Fire"],"picked":"Feed"},{"not_picked":["Thunderclap","Evolve"],"picked":"Flame Barrier"},{"not_picked":["Rupture","Armaments"],"picked":"Headbutt"},{"not_picked":["Dropkick","Blood for Blood"],"picked":"Inflame"},{"not_picked":["Armaments","Anger"],"picked":"Intimidate"}],"player_experience":192793,"potions_floor_usage":[33,33,33,41,41],"damage_taken":[{"damage":9.0,"enemies":"Small Slimes","floor":1.0,"turns":4.0},{"damage":6.0,"enemies":"Cultist","floor":2.0,"turns":3.0},{"damage":18.0,"enemies":"3 Sentries","floor":6.0,"turns":13.0},{"damage":0.0,"enemies":"2 Louse","floor":8.0,"turns":4.0},{"damage":8.0,"enemies":"Blue Slaver","floor":10.0,"turns":3.0},{"damage":0.0,"enemies":"Exordium Thugs","floor":12.0,"turns":4.0},{"damage":9.0,"enemies":"Red Slaver","floor":13.0,"turns":3.0},{"damage":0.0,"enemies":"Exordium Wildlife","floor":14.0,"turns":3.0},{"damage":2.0,"enemies":"Slime Boss","floor":16.0,"turns":7.0},{"damage":0.0,"enemies":"Spheric Guardian","floor":18.0,"turns":3.0},{"damage":17.0,"enemies":"2 Thieves","floor":19.0,"turns":3.0},{"damage":10.0,"enemies":"Centurion and Healer","floor":21.0,"turns":6.0},{"damage":9.0,"enemies":"Gremlin Leader","floor":23.0,"turns":5.0},{"damage":9.0,"enemies":"Snake Plant","floor":27.0,"turns":3.0},{"damage":25.0,"enemies":"Slavers","floor":28.0,"turns":4.0},{"damage":7.0,"enemies":"Chosen and Byrds","floor":30.0,"turns":4.0},{"damage":1.0,"enemies":"Snecko","floor":31.0,"turns":3.0},{"damage":43,"enemies":"Champ","floor":33,"turns":9},{"damage":12,"enemies":"3 Shapes","floor":35,"turns":4},{"damage":12,"enemies":"Orb Walker","floor":36,"turns":2},{"damage":39,"enemies":"Sphere and 2 Shapes","floor":38,"turns":5},{"damage":20,"enemies":"Maw","floor":39,"turns":5},{"damage":75,"enemies":"4 Shapes","floor":41,"turns":10},{"damage":21,"enemies":"3 Darklings","floor":46,"turns":3},{"damage":71,"enemies":"Sphere and 2 Shapes","floor":47,"turns":5}],"event_choices":[{"event_name":"Wheel of Change","player_choice":"Card Removal","floor":4.0,"damage_taken":0.0},{"event_name":"World of Goop","player_choice":"Gather Gold","floor":5.0,"damage_taken":0.0},{"event_name":"Beggar","player_choice":"Gave Gold","floor":22.0,"damage_taken":0.0},{"event_name":"Vampires","player_choice":"Ignored","floor":25.0,"damage_taken":0.0},{"event_name":"Cursed Tome","player_choice":"Obtained Book","floor":29.0,"damage_taken":0.0},{"event_name":"Tomb of Lord Red Mask","player_choice":"Paid","floor":37,"damage_taken":0},{"event_name":"Mysterious Sphere","player_choice":"Ignore","floor":42,"damage_taken":0},{"event_name":"Winding Halls","player_choice":"Writhe","floor":44,"damage_taken":0}],"boss_relics":[{"not_picked":["Pandora\u0027s Box","Tiny House"],"picked":"Mark of Pain"}],"potions_floor_spawned":[1,6,8,14,19,28,30,31,33,36,39],"seed_played":"-7117358539105536075","killed_by":"Sphere and 2 Shapes","ascension_level":8,"is_trial":false}