{"path_per_floor":["M","?","M","T","$","R","E","M","T","$","?","$","M","$","R","B",null,"M","?","?","M","?","R","?","?","T","R","M","R","?","M","R"],"character_chosen":"IRONCLAD","items_purchased":["Cleave","Flex"],"gold_per_floor":[113,188,208,208,64,64,98,113,113,13,13,13,31,31,31,135,135,149,149,149,166,166,166,91,91,117,117,131,131,131,145,145],"floor_reached":33,"campfire_rested":3,"playtime":781,"current_hp_per_floor":[71,60,61,75,75,75,47,48,48,48,41,41,38,38,66,43,81,51,51,51,57,57,85,85,85,85,85,76,76,76,69,94],"items_purged":["Strike_R","Bash"],"gold":145,"score":337,"play_id":"c0cd95bd-046f-4836-bc44-7ef68790c521","local_time":"20180304182356","is_prod":false,"is_daily":false,"is_ascension_mode":true,"campfire_upgraded":3,"timestamp":1520184236,"path_taken":["M","?","?","?","?","R","E","M","T","$","?","?","M","$","R","BOSS","M","?","?","M","?","R","?","?","T","R","M","R","?","M","R","BOSS"],"build_version":"2018-03-01-PROD1","purchased_purges":2,"victory":false,"master_deck":["Strike_R","Defend_R","Defend_R","Defend_R","Metallicize+1","Cleave","Flex","True Grit","Uppercut+1","Pommel Strike","Bludgeon+1","Blood for Blood+1","Juggernaut+1","Whirlwind+1","Writhe","Clumsy","Bash","Ghostly Armor","Shrug It Off"],"max_hp_per_floor":[80,80,80,94,94,94,94,94,94,94,94,94,94,94,94,94,94,94,94,94,94,94,94,94,94,94,94,94,94,94,94,94],"relics":["Burning Blood","Mango","Prayer Wheel","Vajra","Dodecahedron","Astrolabe","Juzu Bracelet","Orichalcum"],"card_choices":[{"not_picked":["Combust","Blood for Blood"],"picked":"Metallicize"},{"not_picked":["Headbutt","Clash"],"picked":"True Grit"},{"not_picked":["Clash","Disarm"],"picked":"Uppercut"},{"not_picked":["Uppercut","Flex"],"picked":"Pommel Strike"},{"not_picked":["Impervious","Fiend Fire"],"picked":"Bludgeon"},{"not_picked":["Iron Wave","Pommel Strike"],"picked":"Whirlwind"},{"not_picked":["Reckless Charge","Havoc"],"picked":"Ghostly Armor"},{"not_picked":["Flex","Corruption"],"picked":"Shrug It Off"}],"player_experience":218503,"potions_floor_usage":[16,16,18,33,33],"damage_taken":[{"damage":7,"enemies":"Jaw Worm","floor":1,"turns":3},{"damage":5,"enemies":"Cultist","floor":3,"turns":4},{"damage":34,"enemies":"Gremlin Nob","floor":7,"turns":5},{"damage":5,"enemies":"Small Slimes","floor":8,"turns":4},{"damage":9,"enemies":"Looter","floor":13,"turns":3},{"damage":29,"enemies":"The Guardian","floor":16,"turns":13},{"damage":36,"enemies":"2 Thieves","floor":18,"turns":3},{"damage":0,"enemies":"3 Byrds","floor":21,"turns":4},{"damage":15,"enemies":"Centurion and Healer","floor":28,"turns":6},{"damage":13,"enemies":"Snake Plant","floor":31,"turns":4},{"damage":100,"enemies":"Collector","floor":33,"turns":7}],"event_choices":[{"event_name":"World of Goop","player_choice":"Gather Gold","floor":2,"damage_taken":0},{"event_name":"Scrap Ooze","player_choice":"success","floor":11,"damage_taken":7},{"event_name":"Back to Basics","player_choice":"Elegance","floor":19,"damage_taken":0},{"event_name":"The Mausoleum","player_choice":"Yes","floor":20,"damage_taken":0},{"event_name":"Vampires","player_choice":"Ignored","floor":22,"damage_taken":0},{"event_name":"Beggar","player_choice":"Gave Gold","floor":24,"damage_taken":0},{"event_name":"Match and Keep!","player_choice":"2 cards matched","floor":25,"damage_taken":0},{"event_name":"Cursed Tome","player_choice":"Ignored","floor":30,"damage_taken":0}],"boss_relics":[{"not_picked":["Runic Dome","Calling Bell"],"picked":"Astrolabe"}],"potions_floor_spawned":[1,3,13,16,28],"seed_played":"-1036987482417383302","killed_by":"Collector","ascension_level":8,"is_trial":false}