{"path_per_floor":["M","?","M","$","?","R","E","R","T","M","?","$","M","$","R","B",null,"M","?","?"],"character_chosen":"IRONCLAD","items_purchased":["Battle Trance","Reaper"],"gold_per_floor":[111,111,127,89,89,89,123,123,123,141,141,3,14,14,14,109,109,128,128,128],"floor_reached":21,"campfire_rested":0,"playtime":517,"current_hp_per_floor":[80,80,72,72,72,72,45,45,45,53,53,53,57,57,57,29,84,65,48,79],"items_purged":[],"gold":146,"score":177,"play_id":"8d155fc9-4831-4452-b8b2-2a9c8b460079","local_time":"20180316151720","is_prod":false,"is_daily":false,"is_ascension_mode":false,"campfire_upgraded":3,"timestamp":1521209840,"path_taken":["M","?","M","$","?","R","E","R","T","?","?","?","M","?","R","BOSS","M","?","?","M"],"build_version":"2018-03-15","purchased_purges":0,"victory":false,"master_deck":["Strike_R","Strike_R","Strike_R","Strike_R","Defend_R","Defend_R","Defend_R","Defend_R","Bash","Flex+1","Pommel Strike","Battle Trance+1","Blood for Blood+1","Thunderclap","Headbutt","Reaper","Feed+1","Demon Form"],"max_hp_per_floor":[80,80,80,80,80,80,80,80,80,80,80,80,80,80,80,84,84,88,93,93],"relics":["Black Blood","Blood Vial","Bottled Lightning","Charon\u0027s Ashes"],"card_choices":[{"not_picked":["Pommel Strike","Sword Boomerang"],"picked":"Flex"},{"not_picked":["Shockwave","Anger"],"picked":"Pommel Strike"},{"not_picked":["Flex","True Grit"],"picked":"Thunderclap"},{"not_picked":["Flame Barrier","Wild Strike"],"picked":"Headbutt"},{"not_picked":["Iron Wave","Pummel"],"picked":"Feed"},{"not_picked":["Brutality","Impervious"],"picked":"Demon Form"}],"player_experience":248464,"potions_floor_usage":[],"damage_taken":[{"damage":1.0,"enemies":"Cultist","floor":1.0,"turns":3.0},{"damage":14.0,"enemies":"2 Louse","floor":3.0,"turns":3.0},{"damage":35,"enemies":"3 Sentries","floor":7,"turns":8},{"damage":0,"enemies":"Small Slimes","floor":10,"turns":2},{"damage":28,"enemies":"Exordium Thugs","floor":13,"turns":3},{"damage":58,"enemies":"Slime Boss","floor":16,"turns":10},{"damage":45,"enemies":"Shell Parasite","floor":18,"turns":5},{"damage":57,"enemies":"Spheric Guardian","floor":21,"turns":6}],"event_choices":[{"event_name":"Accursed Blacksmith","player_choice":"Ignore","floor":2.0,"damage_taken":0.0},{"event_name":"Transmorgrifier","player_choice":"Transform","floor":5.0,"damage_taken":0.0},{"event_name":"Upgrade Shrine","player_choice":"Upgraded","floor":11,"damage_taken":0},{"event_name":"Forgotten Altar","player_choice":"Shed Blood","floor":19,"damage_taken":0},{"event_name":"The Library","player_choice":"Heal","floor":20,"damage_taken":0}],"boss_relics":[{"not_picked":["Question Card","Runic Cube"],"picked":"Black Blood"}],"potions_floor_spawned":[7,16,21],"seed_played":"2347026201603171303","killed_by":"Spheric Guardian","ascension_level":0,"is_trial":false}