{"path_per_floor":["M","M","$","?","?","R","M","E","T","R","E","?","$","E","R","B",null,"M","?","M","M","$","?","M","M","T"],"character_chosen":"IRONCLAD","items_purchased":["Apotheosis","Flex"],"gold_per_floor":[209,224,11,11,11,11,29,63,63,63,98,98,23,57,57,183,183,207,207,222,242,115,115,134,147,147],"floor_reached":27,"campfire_rested":1,"playtime":739,"current_hp_per_floor":[78,80,80,80,80,80,79,69,69,69,54,54,54,33,54,10,56,58,58,73,70,70,70,66,50,50],"items_purged":["Parasite","Strike_R"],"gold":147,"score":358,"play_id":"a3302d11-cd3c-40a9-be7e-7fc7e3889611","local_time":"20180318145101","is_prod":false,"is_daily":false,"is_ascension_mode":true,"campfire_upgraded":2,"timestamp":1521381061,"path_taken":["M","M","$","?","?","R","M","E","T","R","E","?","$","E","R","BOSS","M","?","M","M","$","?","M","?","T","E"],"build_version":"2018-03-15v3","purchased_purges":2,"victory":false,"master_deck":["Strike_R","Strike_R","Strike_R","Strike_R","Defend_R+1","Defend_R","Defend_R","Defend_R+1","Bash+1","Clash","Headbutt","Apotheosis+1","Shrug It Off","Sword Boomerang","Thunderclap","Ghostly Armor","Double Tap","Flex","Inflame","Flex","Iron Wave+1","Parasite"],"max_hp_per_floor":[80,80,80,80,80,80,80,80,80,80,80,74,71,71,71,71,71,71,71,73,73,73,73,73,75,75],"relics":["Burning Blood","Singing Bowl","War Paint","Bag of Marbles","Golden Idol","Dream Catcher","Cursed Key","Bronze Scales"],"card_choices":[{"not_picked":["Bloodletting","Reckless Charge"],"picked":"Clash"},{"not_picked":["Armaments","Wild Strike"],"picked":"Headbutt"},{"not_picked":["Warcry","Seeing Red"],"picked":"Shrug It Off"},{"not_picked":["Rupture","Body Slam"],"picked":"Sword Boomerang"},{"not_picked":["Spot Weakness","Twin Strike"],"picked":"Thunderclap"},{"not_picked":["Twin Strike","Wild Strike"],"picked":"Ghostly Armor"},{"not_picked":["Impervious","Feed"],"picked":"Double Tap"},{"not_picked":["Dual Wield","Cleave"],"picked":"Flex"},{"not_picked":["Anger","Infernal Blade"],"picked":"Inflame"},{"not_picked":["Clothesline","Havoc"],"picked":"Iron Wave"}],"player_experience":253173,"potions_floor_usage":[16,20,21,27],"damage_taken":[{"damage":0,"enemies":"Small Slimes","floor":1,"turns":4},{"damage":1,"enemies":"Cultist","floor":2,"turns":3},{"damage":7,"enemies":"Jaw Worm","floor":7,"turns":2},{"damage":16,"enemies":"Lagavulin","floor":8,"turns":5},{"damage":21,"enemies":"3 Sentries","floor":11,"turns":9},{"damage":27,"enemies":"Gremlin Nob","floor":14,"turns":4},{"damage":50,"enemies":"The Guardian","floor":16,"turns":8},{"damage":4,"enemies":"Chosen","floor":18,"turns":3},{"damage":5,"enemies":"3 Byrds","floor":20,"turns":5},{"damage":9,"enemies":"Snecko","floor":21,"turns":4},{"damage":10,"enemies":"Centurion and Healer","floor":24,"turns":5},{"damage":24,"enemies":"Snake Plant","floor":25,"turns":3},{"damage":50,"enemies":"Gremlin Leader","floor":27,"turns":7}],"event_choices":[{"event_name":"Liars Game","player_choice":"disagreed","floor":4,"damage_taken":0},{"event_name":"The Cleric","player_choice":"Leave","floor":5,"damage_taken":0},{"event_name":"Golden Idol","player_choice":"Lose Max HP","floor":12,"damage_taken":0},{"event_name":"The Mausoleum","player_choice":"No","floor":19,"damage_taken":0},{"event_name":"Drug Dealer","player_choice":"Ignored","floor":23,"damage_taken":0}],"boss_relics":[{"not_picked":["White Beast Statue","Ectoplasm"],"picked":"Cursed Key"}],"potions_floor_spawned":[1,2,7,16,18,20,25],"seed_played":"-1730138498068024796","killed_by":"Gremlin Leader","ascension_level":11,"is_trial":false}