{"path_per_floor":["M","M","?","$","?","R","E","?","T","M","E","$","R","M","R","B",null,"M","?","$","M","?","R","M","M","T","?","R","?","R","M","R"],"character_chosen":"IRONCLAD","items_purchased":["Offering"],"gold_per_floor":[111,123,198,123,123,123,149,149,149,164,189,11,11,21,21,116,116,133,133,8,23,23,23,35,51,78,78,78,78,78,94,94,94],"floor_reached":33,"campfire_rested":4,"playtime":704,"current_hp_per_floor":[78,80,69,69,62,62,68,68,68,73,35,35,59,55,55,19,65,65,65,65,37,37,61,43,23,23,23,47,73,73,53,77,0],"items_purged":["Strike_R","Defend_R","Strike_R"],"gold":94,"score":431,"play_id":"b38674c9-4b07-4d87-b8c8-17dac65d9ed8","local_time":"20180330204212","is_prod":false,"is_daily":false,"is_ascension_mode":true,"campfire_upgraded":3,"timestamp":1522435332,"path_taken":["M","?","?","$","?","R","E","?","T","?","E","?","R","?","R","BOSS","M","?","$","M","?","R","?","M","T","?","R","?","R","M","R","BOSS"],"build_version":"2018-03-29v2","purchased_purges":3,"victory":false,"master_deck":["Strike_R","Defend_R","Defend_R","Defend_R","Bash+1","AscendersBane","Thunderclap","Double Tap+1","Twin Strike","Offering","True Grit","Feed","Flame Barrier+1","Offering","Flex+1","Uppercut+1"],"max_hp_per_floor":[80,80,80,80,80,80,80,80,80,80,80,80,80,80,80,80,80,80,80,80,80,80,80,80,80,80,80,80,80,80,82,82,82],"relics":["Burning Blood","NeowsBlessing","Happy Flower","Blood Vial","Omamori","Velvet Choker","Bronze Scales","Singing Bowl"],"card_choices":[{"not_picked":["Hemokinesis","True Grit"],"picked":"Thunderclap","floor":2.0},{"not_picked":["Pommel Strike","Reckless Charge"],"picked":"Double Tap","floor":7.0},{"not_picked":["Havoc","Dual Wield"],"picked":"Twin Strike","floor":11.0},{"not_picked":["Power Through","Seeing Red"],"picked":"True Grit","floor":14.0},{"not_picked":["Berserk","Barricade"],"picked":"Feed","floor":16.0},{"not_picked":["Shrug It Off","Pommel Strike"],"picked":"Flame Barrier","floor":18.0},{"not_picked":["Anger","Iron Wave"],"picked":"Flex","floor":21},{"not_picked":["Twin Strike","Wild Strike"],"picked":"Uppercut","floor":25}],"player_experience":268468,"potions_floor_usage":[24,33],"damage_taken":[{"damage":0.0,"enemies":"Cultist","floor":1.0,"turns":1.0},{"damage":0.0,"enemies":"2 Louse","floor":2.0,"turns":1.0},{"damage":0.0,"enemies":"3 Sentries","floor":7.0,"turns":1.0},{"damage":3.0,"enemies":"Small Slimes","floor":10.0,"turns":3.0},{"damage":46.0,"enemies":"Gremlin Nob","floor":11.0,"turns":5.0},{"damage":12.0,"enemies":"2 Fungi Beasts","floor":14.0,"turns":3.0},{"damage":44.0,"enemies":"Slime Boss","floor":16.0,"turns":7.0},{"damage":8.0,"enemies":"Spheric Guardian","floor":18.0,"turns":3.0},{"damage":36,"enemies":"2 Thieves","floor":21,"turns":3},{"damage":26,"enemies":"Snecko","floor":24,"turns":3},{"damage":28,"enemies":"Centurion and Healer","floor":25,"turns":5},{"damage":30,"enemies":"Slaver and Parasite","floor":31,"turns":3},{"damage":91,"enemies":"Automaton","floor":33,"turns":6}],"event_choices":[{"event_name":"World of Goop","player_choice":"Gather Gold","floor":3.0,"damage_taken":0.0},{"event_name":"Golden Wing","player_choice":"Card Removal","floor":5.0,"damage_taken":0.0},{"event_name":"Shining Light","player_choice":"Ignored","floor":8.0,"damage_taken":0.0},{"event_name":"Duplicator","player_choice":"One dupe","floor":19.0,"damage_taken":0.0},{"event_name":"Purifier","player_choice":"One Purge","floor":22,"damage_taken":0},{"event_name":"Accursed Blacksmith","player_choice":"Rummage","floor":27,"damage_taken":0},{"event_name":"The Library","player_choice":"Heal","floor":29,"damage_taken":0}],"boss_relics":[],"potions_floor_spawned":[7,10,11,16,18,21],"seed_played":"4168175784391239019","killed_by":"Automaton","ascension_level":11,"is_trial":false}