{"path_per_floor":["M","M","?","?","M","R","M","$","T","M","M","?","M","M","R","B",null,"M","?","M","$","M","R","M","R","T","M","T","R","M","M","R"],"character_chosen":"IRONCLAD","items_purchased":["Apotheosis","Uppercut"],"gold_per_floor":[211,225,225,300,311,311,327,57,112,131,143,143,159,172,172,250,250,263,263,273,198,214,214,229,229,311,324,324,324,338,348,348,348],"floor_reached":33,"campfire_rested":5,"playtime":1127,"current_hp_per_floor":[66,48,33,22,25,47,44,44,44,49,47,47,44,43,65,27,63,54,54,59,59,32,54,57,57,57,10,10,32,30,17,39,0],"items_purged":["Strike_R"],"gold":348,"score":417,"play_id":"b60ec22e-21eb-4b96-94ce-37860dfed9df","local_time":"20180414183740","is_prod":false,"is_daily":false,"chose_seed":false,"is_ascension_mode":true,"campfire_upgraded":1,"timestamp":1523723860,"path_taken":["M","M","?","?","M","R","M","$","T","M","M","?","M","M","R","BOSS","M","?","M","?","M","R","M","R","T","M","?","R","M","M","R","BOSS"],"build_version":"2018-04-12","seed_source_timestamp":106657185411917,"purchased_purges":1,"victory":false,"master_deck":["Strike_R","Strike_R","Strike_R+1","Strike_R+1","Defend_R","Defend_R","Defend_R","Defend_R+1","Bash+1","AscendersBane","Shrug It Off","True Grit","Thunderclap","Inflame","Apotheosis+1","Uppercut","Cleave","Flame Barrier","Double Tap","Writhe","Spot Weakness","Whirlwind"],"max_hp_per_floor":[75,75,75,75,75,75,75,75,75,75,75,75,75,75,75,75,75,75,75,75,75,75,75,75,75,75,75,75,75,75,75,75,75],"relics":["Burning Blood","Whetstone","Mark of Pain","Centennial Puzzle","Darkstone Periapt","Kunai"],"card_choices":[{"not_picked":["Thunderclap","Headbutt"],"picked":"Shrug It Off","floor":1},{"not_picked":["Shockwave","Sever Soul"],"picked":"True Grit","floor":2},{"not_picked":["Blood for Blood","Metallicize"],"picked":"Thunderclap","floor":5},{"not_picked":["Thunderclap","Clash"],"picked":"Inflame","floor":7},{"not_picked":["Spot Weakness","Berserk"],"picked":"Cleave","floor":10},{"not_picked":["Cleave","Perfected Strike"],"picked":"Flame Barrier","floor":14},{"not_picked":["Barricade","Limit Break"],"picked":"Double Tap","floor":16},{"not_picked":["Seeing Red","Sword Boomerang"],"picked":"Spot Weakness","floor":22},{"not_picked":["Seeing Red","Power Through"],"picked":"Whirlwind","floor":27}],"player_experience":296199,"potions_floor_usage":[10,18,20,30,33,33],"damage_taken":[{"damage":8,"enemies":"2 Louse","floor":1,"turns":3},{"damage":24,"enemies":"Jaw Worm","floor":2,"turns":7},{"damage":3,"enemies":"Small Slimes","floor":5,"turns":4},{"damage":9,"enemies":"Looter","floor":7,"turns":5},{"damage":13,"enemies":"Exordium Thugs","floor":10,"turns":5},{"damage":8,"enemies":"Exordium Wildlife","floor":11,"turns":5},{"damage":9,"enemies":"2 Fungi Beasts","floor":13,"turns":3},{"damage":7,"enemies":"Gremlin Gang","floor":14,"turns":3},{"damage":44,"enemies":"The Guardian","floor":16,"turns":14},{"damage":15,"enemies":"3 Byrds","floor":18,"turns":7},{"damage":13,"enemies":"Spheric Guardian","floor":20,"turns":5},{"damage":33,"enemies":"3 Cultists","floor":22,"turns":4},{"damage":3,"enemies":"Snecko","floor":24,"turns":6},{"damage":53,"enemies":"Chosen and Byrds","floor":27,"turns":8},{"damage":20,"enemies":"Centurion and Healer","floor":30,"turns":7},{"damage":19,"enemies":"Cultist and Chosen","floor":31,"turns":9},{"damage":55,"enemies":"Collector","floor":33,"turns":6}],"event_choices":[{"event_name":"Shining Light","player_choice":"Entered Light","floor":3,"damage_taken":0},{"event_name":"World of Goop","player_choice":"Gather Gold","floor":4,"damage_taken":0},{"event_name":"Dead Adventurer","player_choice":"Searched \u00270\u0027 times","floor":12,"damage_taken":0},{"event_name":"The Mausoleum","player_choice":"Yes","floor":19,"damage_taken":0}],"boss_relics":[{"not_picked":["Velvet Choker","Runic Pyramid"],"picked":"Mark of Pain"}],"potions_floor_spawned":[2,5,13,14,27,30],"seed_played":"-6736098789610634190","killed_by":"Collector","ascension_level":14,"is_trial":false}