{"path_per_floor":["M","?","M","$","M","R","M","R","T","R","E","R","E","M","R","B",null,"M","M","?","M","?","R","E","R","T","?","R","?","?","?","R","B",null,"M","M","M","M","$","R"],"character_chosen":"IRONCLAD","items_purchased":["Shrug It Off","Feel No Pain"],"gold_per_floor":[112,112,131,9,19,19,35,35,62,62,90,90,117,133,133,207,207,207,207,207,207,207,207,207,207,207,207,207,207,207,132,132,132,132,132,132,132,132,62,62,62],"floor_reached":41,"campfire_rested":5,"playtime":1212,"current_hp_per_floor":[63,63,67,67,66,66,43,43,50,74,59,59,49,47,47,47,73,67,73,65,32,32,56,34,34,34,34,58,58,58,58,82,18,71,48,32,20,13,13,39,0],"items_purged":["Defend_R"],"gold":62,"score":712,"play_id":"3648e29d-e560-4baa-a37c-ccf52e722d9b","local_time":"20180413110046","is_prod":false,"is_daily":false,"chose_seed":false,"is_ascension_mode":true,"campfire_upgraded":5,"timestamp":1523610046,"path_taken":["M","?","M","?","?","R","M","R","T","R","E","R","E","M","R","BOSS","M","M","?","M","?","R","E","R","T","?","R","?","?","?","R","BOSS","M","M","M","M","$","R","E"],"build_version":"2018-04-12","seed_source_timestamp":1198450949049709,"purchased_purges":1,"victory":false,"master_deck":["Strike_R","Strike_R","Strike_R","Defend_R","Defend_R","Defend_R","Bash","AscendersBane","Inflame+1","Shrug It Off+1","Flex+1","Whirlwind+1","Pommel Strike+1","Double Tap+1","Body Slam","Spot Weakness+1","Pommel Strike+1","Feel No Pain"],"max_hp_per_floor":[75,75,75,75,75,75,75,75,82,82,82,82,82,82,82,82,82,82,82,82,82,82,82,82,82,82,82,82,82,82,82,82,82,87,87,87,87,87,87,87,87],"relics":["Burning Blood","Oddly Smooth Stone","Strawberry","Juzu Bracelet","Mummified Hand","Ectoplasm","Magic Flower","Shuriken","Tiny House"],"card_choices":[{"not_picked":["Searing Blow","Seeing Red"],"picked":"Inflame","floor":1},{"not_picked":["Havoc","Sever Soul"],"picked":"Flex","floor":5},{"not_picked":["Flame Barrier","Shrug It Off"],"picked":"Whirlwind","floor":7},{"not_picked":["Cleave","Blood for Blood"],"picked":"Pommel Strike","floor":11},{"not_picked":["Demon Form","Dark Embrace"],"picked":"Double Tap","floor":16},{"not_picked":["Power Through","Pummel"],"picked":"Body Slam","floor":34},{"not_picked":["Cleave","Havoc"],"picked":"Spot Weakness","floor":36},{"not_picked":["Sever Soul","Twin Strike"],"picked":"Pommel Strike","floor":37}],"player_experience":290340,"potions_floor_usage":[7,7,13,14,16,33,33,33,38],"damage_taken":[{"damage":11,"enemies":"Jaw Worm","floor":1,"turns":6},{"damage":2,"enemies":"Small Slimes","floor":3,"turns":4},{"damage":7,"enemies":"Cultist","floor":5,"turns":4},{"damage":29,"enemies":"Exordium Thugs","floor":7,"turns":7},{"damage":21,"enemies":"3 Sentries","floor":11,"turns":4},{"damage":16,"enemies":"Gremlin Nob","floor":13,"turns":3},{"damage":8,"enemies":"Red Slaver","floor":14,"turns":2},{"damage":6,"enemies":"Slime Boss","floor":16,"turns":8},{"damage":12,"enemies":"Shell Parasite","floor":18,"turns":3},{"damage":0,"enemies":"3 Byrds","floor":19,"turns":4},{"damage":39,"enemies":"Snake Plant","floor":21,"turns":3},{"damage":28,"enemies":"Slavers","floor":24,"turns":2},{"damage":73,"enemies":"Automaton","floor":33,"turns":9},{"damage":32,"enemies":"3 Shapes","floor":35,"turns":5},{"damage":25,"enemies":"Orb Walker","floor":36,"turns":4},{"damage":21,"enemies":"4 Shapes","floor":37,"turns":2},{"damage":16,"enemies":"Maw","floor":38,"turns":6},{"damage":77,"enemies":"Giant Head","floor":41,"turns":6}],"event_choices":[{"event_name":"Living Wall","player_choice":"Forget","floor":2,"damage_taken":0},{"event_name":"Knowing Skull","player_choice":"","floor":20,"damage_taken":0},{"event_name":"Golden Shrine","player_choice":"Pray","floor":22,"damage_taken":0},{"event_name":"The Mausoleum","player_choice":"No","floor":27,"damage_taken":0},{"event_name":"The Lab","player_choice":"Got Potions","floor":29,"damage_taken":0},{"event_name":"Vampires","player_choice":"Ignored","floor":30,"damage_taken":0},{"event_name":"Beggar","player_choice":"Gave Gold","floor":31,"damage_taken":0}],"boss_relics":[{"not_picked":["Black Blood","Orrery"],"picked":"Ectoplasm"},{"not_picked":["Snecko Eye","Pandora\u0027s Box"],"picked":"Tiny House"}],"potions_floor_spawned":[1,3,11,13,14,18],"seed_played":"6843119832335548063","killed_by":"Giant Head","ascension_level":14,"is_trial":false}