{"path_per_floor":["M","?","?","M","M","R","?","M","T","M","R","?","E","$","R","B",null,"M","?","M","?","?","R","M","R","T","$","R","?","$","M","R"],"character_chosen":"IRONCLAD","items_purchased":["Battle Trance"],"gold_per_floor":[119,119,119,133,150,150,150,165,165,185,185,185,224,113,113,209,209,225,225,244,244,244,244,264,264,264,164,164,164,39,58,58,58],"floor_reached":33,"campfire_rested":2,"playtime":896,"current_hp_per_floor":[72,60,82,82,81,81,81,82,82,78,78,76,66,66,66,7,60,68,68,51,77,77,77,41,65,65,65,65,65,65,34,59,0],"items_purged":["Strike_R","Defend_R","Strike_R"],"gold":58,"score":413,"play_id":"164cd210-387d-40a6-84e0-774c6d90c52d","local_time":"20180412221237","is_prod":false,"is_daily":false,"is_ascension_mode":true,"campfire_upgraded":5,"timestamp":1523563957,"path_taken":["M","?","?","M","M","R","?","M","T","M","R","?","E","$","R","BOSS","M","?","M","?","?","R","M","R","T","$","R","?","$","M","R","BOSS"],"build_version":"2018-04-05v2","purchased_purges":3,"victory":false,"master_deck":["Strike_R","Strike_R","Defend_R","Defend_R","Defend_R","Bash","AscendersBane","Pommel Strike+1","Whirlwind+1","Shrug It Off+1","Battle Trance","Double Tap+1","Shockwave+1"],"max_hp_per_floor":[82,82,82,82,82,82,82,82,82,82,82,76,78,78,78,78,78,80,80,80,80,80,80,82,82,82,82,82,82,82,84,84,84],"relics":["Burning Blood","Strawberry","Vajra","Champion Belt","Bloody Idol","Singing Bowl","Black Star","Torii"],"card_choices":[{"not_picked":["Dropkick","Anger"],"picked":"Pommel Strike","floor":1},{"not_picked":["Clash","Warcry"],"picked":"Whirlwind","floor":5},{"not_picked":["Twin Strike","Wild Strike"],"picked":"Shrug It Off","floor":8},{"not_picked":["Immolate","Dark Embrace"],"picked":"Double Tap","floor":16},{"not_picked":["Wild Strike","Twin Strike"],"picked":"Shockwave","floor":20}],"player_experience":289049,"potions_floor_usage":[10,18,33],"damage_taken":[{"damage":9,"enemies":"2 Louse","floor":1,"turns":3},{"damage":0,"enemies":"Small Slimes","floor":4,"turns":3},{"damage":7,"enemies":"Jaw Worm","floor":5,"turns":3},{"damage":0,"enemies":"Exordium Wildlife","floor":8,"turns":2},{"damage":10,"enemies":"3 Louse","floor":10,"turns":2},{"damage":18,"enemies":"Gremlin Nob","floor":13,"turns":4},{"damage":65,"enemies":"The Guardian","floor":16,"turns":16},{"damage":0,"enemies":"2 Thieves","floor":18,"turns":1},{"damage":28,"enemies":"Shell Parasite","floor":20,"turns":4},{"damage":49,"enemies":"Sentry and Sphere","floor":24,"turns":6},{"damage":44,"enemies":"Slaver and Parasite","floor":31,"turns":8},{"damage":64,"enemies":"Automaton","floor":33,"turns":6}],"event_choices":[{"event_name":"Scrap Ooze","player_choice":"success","floor":2,"damage_taken":12},{"event_name":"Big Fish","player_choice":"Banana","floor":3,"damage_taken":0},{"event_name":"The Woman in Blue","player_choice":"Bought 0 Potions","floor":7,"damage_taken":0},{"event_name":"Golden Idol","player_choice":"Lose Max HP","floor":12,"damage_taken":0},{"event_name":"Forgotten Altar","player_choice":"Gave Idol","floor":19,"damage_taken":0},{"event_name":"The Library","player_choice":"Heal","floor":21,"damage_taken":0},{"event_name":"Purifier","player_choice":"One Purge","floor":22,"damage_taken":0},{"event_name":"Ghosts","player_choice":"Ignored","floor":29,"damage_taken":0}],"boss_relics":[{"not_picked":["White Beast Statue","Runic Pyramid"],"picked":"Black Star"}],"potions_floor_spawned":[5,10,16,24,31],"seed_played":"3726349640319128655","killed_by":"Automaton","ascension_level":14,"is_trial":false}