{"path_per_floor":["M","M","M","$","M","R","E","R","T","R","M","R","E","M","R","B",null,"M","?","M","?","M","R","E","R","T","M","R","M","M","$","R"],"character_chosen":"THE_SILENT","items_purchased":["Terror","Lantern"],"gold_per_floor":[118,131,141,30,44,44,76,76,76,76,87,87,120,130,130,228,228,242,242,261,261,276,276,309,309,309,319,319,330,346,103,103],"floor_reached":33,"campfire_rested":6,"playtime":5231,"current_hp_per_floor":[66,61,52,52,33,54,35,56,56,56,56,56,56,56,56,43,70,70,70,60,60,25,46,15,36,36,29,50,28,25,25,46],"items_purged":["Defend_G","Strike_G"],"gold":103,"play_id":"b17f6eef-fbbd-451f-ac2c-e5ee96423906","is_prod":false,"is_daily":false,"campfire_rituals":0,"campfire_upgraded":3,"is_hardmode":false,"path_taken":["M","M","M","$","M","R","E","R","T","R","M","R","E","M","R","BOSS","M","?","M","?","M","R","E","R","T","M","R","M","M","$","R","BOSS"],"build_version":"2018-01-11-PROD2","purchased_purges":2,"victory":false,"master_deck":["Defend_G","Defend_G","Defend_G","Defend_G","Strike_G","Strike_G","Strike_G","Strike_G","Survivor","Neutralize","Tools of the Trade","Dagger Throw","Dagger Spray","Flying Knee","Terror","Poisoned Stab","Dagger Throw","Flying Knee","Leg Sweep","Backflip","Adrenaline","Choke","Dagger Throw","Finisher","Dash","Prepared","Outmaneuver","A Thousand Cuts","Dodge and Roll","Flash of Steel","Neutralize","Predator","Well Laid Plans","Footwork","Doppelganger","Blur"],"max_hp_per_floor":[70,70,70,70,70,70,70,70,70,70,70,70,70,70,70,70,70,70,70,70,70,70,70,70,70,70,70,70,70,70,70,70],"relics":["Ring of the Snake","Ancient Tea Set","Toolbox","Gambling Chip","Orrery","War Paint","Calipers","Lantern"],"campfire_meditates":0,"card_choices":[{"not_picked":["Slice","Acrobatics"],"picked":"Dagger Throw"},{"not_picked":["Slice","Phantasmal Killer"],"picked":"Dagger Spray"},{"not_picked":["Prepared","Dagger Throw"],"picked":"Flying Knee"},{"not_picked":["All Out Attack","Acrobatics"],"picked":"Poisoned Stab"},{"not_picked":["Noxious Fumes","Deflect"],"picked":"Dagger Throw"},{"not_picked":["Dagger Throw","Flechettes"],"picked":"Flying Knee"},{"not_picked":["Bouncing Flask","Deadly Poison"],"picked":"Leg Sweep"},{"not_picked":["Terror","Sucker Punch"],"picked":"Backflip"},{"not_picked":["Bullet Time","Tools of the Trade"],"picked":"Adrenaline"},{"not_picked":["Endless Agony","Backflip"],"picked":"Choke"},{"not_picked":["Poisoned Stab","Dodge and Roll"],"picked":"Dagger Throw"},{"not_picked":["Slice","Dagger Throw"],"picked":"Finisher"},{"not_picked":["Bouncing Flask","Caltrops"],"picked":"Dash"},{"not_picked":["Quick Slash","Dagger Spray"],"picked":"Prepared"},{"not_picked":["PiercingWail","Quick Slash"],"picked":"Outmaneuver"},{"not_picked":["Flying Knee","Finisher"],"picked":"Dodge and Roll"},{"not_picked":["Flechettes","Acrobatics"],"picked":"Well Laid Plans"},{"not_picked":["Deadly Poison","Blur"],"picked":"Footwork"},{"not_picked":["Dagger Spray","Heel Hook"],"picked":"Doppelganger"},{"not_picked":["Poisoned Stab","Slice"],"picked":"Blur"}],"player_experience":7883,"potions_floor_usage":[7,7,16,16,30,33,33],"damage_taken":[{"damage":4,"enemies":"2 Louse","floor":1,"turns":4},{"damage":5,"enemies":"Cultist","floor":2,"turns":5},{"damage":9,"enemies":"Jaw Worm","floor":3,"turns":5},{"damage":19,"enemies":"Exordium Thugs","floor":5,"turns":5},{"damage":19,"enemies":"3 Sentries","floor":7,"turns":4},{"damage":0,"enemies":"3 Louse","floor":11,"turns":2},{"damage":0,"enemies":"Gremlin Nob","floor":13,"turns":2},{"damage":0,"enemies":"2 Fungi Beasts","floor":14,"turns":2},{"damage":13,"enemies":"Hexaghost","floor":16,"turns":7},{"damage":0,"enemies":"Chosen","floor":18,"turns":2},{"damage":10,"enemies":"Spheric Guardian","floor":20,"turns":3},{"damage":35,"enemies":"Slaver and Parasite","floor":22,"turns":7},{"damage":31,"enemies":"Book of Stabbing","floor":24,"turns":5},{"damage":7,"enemies":"Snecko","floor":27,"turns":3},{"damage":22,"enemies":"Snake Plant","floor":29,"turns":5},{"damage":3,"enemies":"3 Cultists","floor":30,"turns":6},{"damage":66,"enemies":"Champ","floor":33,"turns":11}],"event_choices":[{"event_name":"The Library","player_choice":"Read","floor":19,"damage_taken":0},{"event_name":"Match and Keep!","player_choice":"3 cards matched","floor":21,"damage_taken":0}],"boss_relics":[{"not_picked":["Lizard Tail","Question Card"],"picked":"Orrery"}],"potions_floor_spawned":[2,5,13,14,18,27,29,30],"seed_played":"-3084075742128287813","killed_by":"Champ","is_trial":false}