{"path_per_floor":["M","?","M","?","$","R","M","$","T","E","?","E","?","M","R","B",null,"M","?","?","M","M","E","R"],"character_chosen":"THE_SILENT","items_purchased":[],"gold_per_floor":[99,99,99,99,24,24,24,24,24,24,24,24,24,24,24,24,24,24,24,24,24,24,24,24],"floor_reached":25,"campfire_rested":0,"playtime":3512,"current_hp_per_floor":[66,66,61,61,61,61,63,63,63,49,20,25,31,33,33,37,76,52,52,52,68,60,34,34],"items_purged":["Normality"],"gold":24,"play_id":"ad01a488-24f2-41af-8075-7caf21c1e0ea","is_prod":false,"is_daily":false,"campfire_rituals":0,"campfire_upgraded":1,"is_hardmode":false,"path_taken":["M","?","M","?","$","R","?","$","T","E","?","E","?","M","R","BOSS","M","?","?","?","M","E","R","E"],"build_version":"2018-01-18-PROD4","purchased_purges":1,"victory":false,"master_deck":["Defend_G","Defend_G","Defend_G","Defend_G","Strike_G","Strike_G","Strike_G","Strike_G","Strike_G","Survivor","Neutralize","Flying Knee","Leg Sweep","Footwork","Venomology","Doppelganger","Calculated Gamble","Terror","Prepared","Backflip","Adrenaline"],"max_hp_per_floor":[70,70,70,70,70,70,70,70,70,70,70,70,76,76,76,76,76,76,76,76,76,76,76,76],"relics":["Ectoplasm","Blood Vial","Unceasing Top","Peace Pipe","Matryoshka","Calipers","Darkstone Periapt","White Beast Statue","Gremlin Horn"],"campfire_meditates":0,"card_choices":[{"not_picked":["Bane","Poisoned Stab"],"picked":"Flying Knee"},{"not_picked":["Poisoned Stab","Flying Knee"],"picked":"Leg Sweep"},{"not_picked":["Calculated Gamble","All Out Attack"],"picked":"Footwork"},{"not_picked":["Backstab","Flying Knee"],"picked":"Venomology"},{"not_picked":["Night Terror","Wraith Form"],"picked":"Doppelganger"},{"not_picked":["Slice","Deflect"],"picked":"Calculated Gamble"},{"not_picked":["Outmaneuver","Quick Slash"],"picked":"Prepared"},{"not_picked":["Sucker Punch","Prepared"],"picked":"Backflip"},{"not_picked":["Outmaneuver","Sucker Punch"],"picked":"Adrenaline"}],"player_experience":57680,"potions_floor_usage":[12,14,16,16,16,18,21,21,22,23,23,23,23,25,25],"damage_taken":[{"damage":4.0,"enemies":"Blue Slaver","floor":1.0,"turns":3.0},{"damage":5.0,"enemies":"2 Louse","floor":3.0,"turns":3.0},{"damage":0,"enemies":"Small Slimes","floor":7,"turns":4},{"damage":16,"enemies":"Gremlin Nob","floor":10,"turns":6},{"damage":31,"enemies":"Lagavulin Event","floor":11,"turns":15},{"damage":12,"enemies":"Lagavulin","floor":12,"turns":11},{"damage":0,"enemies":"2 Fungi Beasts","floor":14,"turns":4},{"damage":13,"enemies":"The Guardian","floor":16,"turns":20},{"damage":24,"enemies":"Chosen","floor":18,"turns":12},{"damage":1,"enemies":"Shell Parasite","floor":21,"turns":8},{"damage":10,"enemies":"Snake Plant","floor":22,"turns":7},{"damage":28,"enemies":"Slavers","floor":23,"turns":10},{"damage":43,"enemies":"Gremlin Leader","floor":25,"turns":11}],"event_choices":[{"event_name":"Liars Game","player_choice":"disagreed","floor":2.0,"damage_taken":0.0},{"event_name":"Accursed Blacksmith","player_choice":"Rummage","floor":4.0,"damage_taken":0.0},{"event_name":"Dead Adventurer","player_choice":"Searched \u00271\u0027 times","floor":11,"damage_taken":0},{"event_name":"Big Fish","player_choice":"Box","floor":13,"damage_taken":0},{"event_name":"The Library","player_choice":"Read","floor":19,"damage_taken":0},{"event_name":"Drug Dealer","player_choice":"Ignored","floor":20,"damage_taken":0}],"boss_relics":[{"not_picked":["Lizard Tail","Sozu"],"picked":"White Beast Statue"}],"potions_floor_spawned":[11,11,12,14,16,18,21,22,23],"seed_played":"3180026201728731532","killed_by":"Gremlin Leader","is_trial":false}