{"path_per_floor":["M","?","M","M","?","E","R","E","T","?","M","M","$","M","R","B",null,"M","$","?","M","M","R","?","M","T","E","R","E","M","T","R","B",null,"M","$","?","?","?","E","M","E","T","E","R","M","M","M","R","B"],"character_chosen":"THE_SILENT","items_purchased":["Apotheosis","Omamori","Well Laid Plans","Pantograph"],"gold_per_floor":[115,115,133,152,252,277,277,309,360,360,372,382,19,29,29,132,132,148,70,70,89,105,105,105,117,117,149,149,178,195,195,195,294,294,313,73,0,0,53,86,97,126,126,161,161,179,189,207,207,207],"floor_reached":51,"campfire_rested":6,"playtime":9224,"current_hp_per_floor":[70,56,56,56,56,39,60,53,60,60,60,60,60,60,60,32,77,69,69,69,34,34,57,48,48,48,48,72,40,11,11,35,35,82,82,82,82,82,76,76,73,49,49,49,73,69,70,50,74,44],"items_purged":[],"gold":207,"play_id":"9f300ea6-e1f6-42bd-aa44-be7f99cff0ba","is_prod":false,"is_daily":false,"is_ascension_mode":true,"campfire_upgraded":1,"path_taken":["M","?","M","M","?","E","R","E","T","?","M","?","$","M","R","BOSS","M","$","?","M","M","R","?","?","T","E","R","E","M","?","R","BOSS","M","$","?","?","?","E","M","E","T","E","R","M","?","M","R","BOSS"],"build_version":"2018-02-01-BETA1","purchased_purges":1,"victory":true,"master_deck":["Defend_G","Defend_G","Defend_G+1","Defend_G","Strike_G+1","Strike_G","Strike_G","Strike_G","Survivor","Neutralize","Infinite Blades","Leg Sweep","Escape Plan","Burst","Apotheosis+1","Night Terror+1","Well Laid Plans","Blur+1","Heel Hook","Acrobatics+1","Terror","Envenom","Dagger Throw+1","Caltrops+1","A Thousand Cuts"],"max_hp_per_floor":[70,70,70,70,70,70,70,70,77,77,77,77,77,77,77,77,77,77,77,77,77,77,77,82,82,82,82,82,82,82,82,82,82,82,82,82,82,82,82,82,82,82,82,82,82,82,82,82,82,82],"relics":["Ring of the Snake","Sundial","Gremlin Horn","Strawberry","Omamori","Sozu","Tingsha","Bottled Lightning","Tough Bandages","Calipers","Philosopher\u0027s Stone","Pantograph","Red Mask","Ginger","Toolbox","Vajra","Ice Cream","Bag of Marbles"],"card_choices":[{"not_picked":["Dagger Spray","Riddle With Holes"],"picked":"Infinite Blades"},{"not_picked":["Acrobatics","Deflect"],"picked":"Leg Sweep"},{"not_picked":["Bane","Flying Knee"],"picked":"Escape Plan"},{"not_picked":["Calculated Gamble","Bouncing Flask"],"picked":"Burst"},{"not_picked":["Burst","Unload"],"picked":"Night Terror"},{"not_picked":["Caltrops","Distraction"],"picked":"Blur"},{"not_picked":["Catalyst","Calculated Gamble"],"picked":"Heel Hook"},{"not_picked":["Sucker Punch","Noxious Fumes"],"picked":"Acrobatics"},{"not_picked":["Acrobatics","Backstab"],"picked":"Terror"},{"not_picked":["Bullet Time","Burst"],"picked":"Envenom"},{"not_picked":["Sucker Punch","Malaise"],"picked":"Dagger Throw"},{"not_picked":["Deadly Poison","Blade Dance"],"picked":"Caltrops"},{"not_picked":["Escape Plan","Outmaneuver"],"picked":"A Thousand Cuts"}],"player_experience":67534,"potions_floor_usage":[],"damage_taken":[{"damage":0.0,"enemies":"Cultist","floor":1.0,"turns":4.0},{"damage":0.0,"enemies":"Jaw Worm","floor":3.0,"turns":4.0},{"damage":0.0,"enemies":"Blue Slaver","floor":4.0,"turns":4.0},{"damage":17.0,"enemies":"Gremlin Nob","floor":6.0,"turns":6.0},{"damage":22.0,"enemies":"3 Sentries","floor":8.0,"turns":12.0},{"damage":0.0,"enemies":"Large Slime","floor":11.0,"turns":7.0},{"damage":0.0,"enemies":"Red Slaver","floor":12.0,"turns":5.0},{"damage":0.0,"enemies":"2 Fungi Beasts","floor":14.0,"turns":5.0},{"damage":28.0,"enemies":"Slime Boss","floor":16.0,"turns":25.0},{"damage":8.0,"enemies":"Shell Parasite","floor":18.0,"turns":6.0},{"damage":35.0,"enemies":"Chosen","floor":21.0,"turns":9.0},{"damage":0,"enemies":"Snake Plant","floor":22,"turns":9},{"damage":0,"enemies":"Centurion and Healer","floor":25,"turns":15},{"damage":0,"enemies":"Book of Stabbing","floor":27,"turns":8},{"damage":32,"enemies":"Slavers","floor":29,"turns":8},{"damage":29,"enemies":"3 Cultists","floor":30,"turns":7},{"damage":0,"enemies":"Automaton","floor":33,"turns":11},{"damage":0,"enemies":"Flame Bruiser 1 Orb","floor":35,"turns":5},{"damage":6,"enemies":"Mysterious Sphere","floor":39,"turns":8},{"damage":0,"enemies":"Nemesis","floor":40,"turns":7},{"damage":3,"enemies":"Orb Walker","floor":41,"turns":4},{"damage":24,"enemies":"2 Orb Walkers","floor":42,"turns":5},{"damage":0,"enemies":"Nemesis","floor":44,"turns":7},{"damage":4,"enemies":"Sphere and 2 Shapes","floor":46,"turns":5},{"damage":5,"enemies":"Spire Growth","floor":47,"turns":4},{"damage":20,"enemies":"3 Darklings","floor":48,"turns":4},{"damage":38,"enemies":"Awakened One","floor":50,"turns":11}],"event_choices":[{"event_name":"Shining Light","player_choice":"Entered Light","floor":2.0,"damage_taken":0.0},{"event_name":"Golden Shrine","player_choice":"Pray","floor":5.0,"damage_taken":0.0},{"event_name":"Wheel of Change","player_choice":"Card Removal","floor":10.0,"damage_taken":0.0},{"event_name":"Upgrade Shrine","player_choice":"Upgraded","floor":20.0,"damage_taken":0.0},{"event_name":"Forgotten Altar","player_choice":"Shed Blood","floor":24,"damage_taken":0},{"event_name":"Tomb of Lord Red Mask","player_choice":"Paid","floor":37,"damage_taken":0},{"event_name":"Mysterious Sphere","player_choice":"Fight","floor":39,"damage_taken":0}],"boss_relics":[{"not_picked":["Runic Dome","Runic Pyramid"],"picked":"Philosopher\u0027s Stone"}],"potions_floor_spawned":[3,6,16,18,21,22,29,30,35,40,47,48],"seed_played":"-8189158250836660827","ascension_level":1,"is_trial":false}