{"path_per_floor":["M","M","?","M","M","R","M","E","T","M","M","?","E","?","R","B",null,"M","?","?","$","?","R"],"character_chosen":"THE_SILENT","items_purchased":["Paper Crane"],"gold_per_floor":[113,133,208,221,241,241,260,294,294,304,321,321,346,346,346,446,446,462,489,489,163,163,163],"floor_reached":24,"campfire_rested":3,"playtime":1632,"current_hp_per_floor":[63,63,52,52,43,64,64,39,39,29,25,25,28,48,72,45,71,70,22,22,22,22,37],"items_purged":["Parasite"],"gold":163,"score":294,"play_id":"f2157fff-b201-49f3-8d2e-9bc34fbf15ea","is_prod":false,"is_daily":false,"is_ascension_mode":true,"campfire_upgraded":0,"path_taken":["M","?","?","M","M","R","M","E","T","?","M","?","E","?","R","BOSS","M","?","?","?","?","R","E"],"build_version":"2018-02-12-BETA1","purchased_purges":1,"victory":false,"master_deck":["Defend_G","Defend_G","Defend_G","Defend_G","Defend_G","Survivor","Neutralize+1","Slice","Acrobatics","Backflip","Well Laid Plans","Glass Knife","Malaise","Dagger Throw","Adrenaline","Bite","Bite","Bite","Bite","Bite"],"max_hp_per_floor":[70,70,70,70,70,70,70,70,70,70,70,70,80,80,80,80,80,80,80,80,77,53,53],"relics":["Ring of the Snake","Calipers","Dead Branch","Pear","Philosopher\u0027s Stone","Red Mask","Paper Crane"],"card_choices":[{"not_picked":["Bane","Cloak And Dagger"],"picked":"Slice"},{"not_picked":["Prepared","Bane"],"picked":"Acrobatics"},{"not_picked":["Dodge and Roll","Underhanded Strike"],"picked":"Backflip"},{"not_picked":["Backstab","Slice"],"picked":"Well Laid Plans"},{"not_picked":["Prepared","Dagger Spray"],"picked":"Glass Knife"},{"not_picked":["Crippling Poison","Setup"],"picked":"Malaise"},{"not_picked":["Well Laid Plans","Backflip"],"picked":"Dagger Throw"},{"not_picked":["Night Terror","Unload"],"picked":"Adrenaline"}],"player_experience":169318,"potions_floor_usage":[8,13,13,16,16,19,19],"damage_taken":[{"damage":0,"enemies":"Cultist","floor":1,"turns":4},{"damage":0,"enemies":"Jaw Worm","floor":2,"turns":4},{"damage":0,"enemies":"2 Louse","floor":4,"turns":3},{"damage":9,"enemies":"Exordium Thugs","floor":5,"turns":7},{"damage":0,"enemies":"Looter","floor":7,"turns":5},{"damage":25,"enemies":"Lagavulin","floor":8,"turns":10},{"damage":10,"enemies":"Lots of Slimes","floor":10,"turns":5},{"damage":4,"enemies":"Exordium Wildlife","floor":11,"turns":6},{"damage":19,"enemies":"Gremlin Nob","floor":13,"turns":5},{"damage":41,"enemies":"Slime Boss","floor":16,"turns":15},{"damage":1,"enemies":"Shell Parasite","floor":18,"turns":6},{"damage":48,"enemies":"Masked Bandits","floor":19,"turns":7},{"damage":53,"enemies":"Slavers","floor":24,"turns":3}],"event_choices":[{"event_name":"World of Goop","player_choice":"Gather Gold","floor":3,"damage_taken":0},{"event_name":"The Lab","player_choice":"Got Potions","floor":12,"damage_taken":0},{"event_name":"Mushrooms","player_choice":"Healed and dodged fight","floor":14,"damage_taken":0},{"event_name":"Masked Bandits","player_choice":"Fought over 462 gold","floor":19,"damage_taken":0},{"event_name":"Cursed Tome","player_choice":"Ignored","floor":20,"damage_taken":0},{"event_name":"Vampires","player_choice":"Became a vampire","floor":22,"damage_taken":0}],"boss_relics":[{"not_picked":["Astrolabe","Black Star"],"picked":"Philosopher\u0027s Stone"}],"potions_floor_spawned":[5,10,11,13,16,18],"seed_played":"-8531269776385138026","killed_by":"Slavers","ascension_level":6,"is_trial":false}