{"path_per_floor":["M","?","M","M","$","R","E","R","T","E","R","E","R","M","R","B",null,"M","?","$","?","M","R","M","M","T","M","?","M","R","?","R"],"character_chosen":"THE_SILENT","items_purchased":["Terror"],"gold_per_floor":[118,118,131,151,76,76,110,110,135,160,160,192,192,202,202,302,302,314,229,52,2,18,18,35,47,47,64,64,75,75,75,75],"floor_reached":33,"campfire_rested":5,"playtime":1960,"current_hp_per_floor":[62,55,55,55,55,55,20,41,41,33,54,46,46,42,63,52,66,55,55,55,55,55,55,49,40,40,5,5,4,25,25,46],"items_purged":["Strike_G","Pain"],"gold":75,"score":345,"play_id":"8912f1fa-f4f1-4519-b862-fb13bbb76d34","is_prod":false,"is_daily":false,"is_ascension_mode":true,"campfire_upgraded":3,"path_taken":["M","?","M","?","$","R","E","R","T","E","R","E","R","M","R","BOSS","M","?","$","?","M","R","M","M","T","M","?","M","R","?","R","BOSS"],"build_version":"2018-02-23-BETA1","purchased_purges":3,"victory":false,"master_deck":["Defend_G","Defend_G","Defend_G","Defend_G","Defend_G","Strike_G","Strike_G","Strike_G","Strike_G","Survivor","Neutralize+1","Dagger Throw","Dodge and Roll","Tactician","Footwork+1","Noxious Fumes+1","Predator","Leg Sweep+1","Terror+1","Dagger Throw","Heel Hook"],"max_hp_per_floor":[70,70,70,70,70,70,70,70,70,70,70,70,70,70,70,70,70,70,70,70,70,70,70,70,70,70,70,70,70,70,70,70],"relics":["Ring of the Snake","Pen Nib","Happy Flower","Juzu Bracelet","Omamori","Calling Bell","Toxic Egg 2","Frozen Egg 2","Shuriken","Ornamental Fan","Bottled Tornado","Nloth\u0027s Gift"],"card_choices":[{"not_picked":["Expertise","Outmaneuver"],"picked":"Dagger Throw"},{"not_picked":["Bane","Prepared"],"picked":"Dodge and Roll"},{"not_picked":["Flying Knee","Setup"],"picked":"Tactician"},{"not_picked":["Backflip","Flying Knee"],"picked":"Footwork"},{"not_picked":["PiercingWail","Quick Slash"],"picked":"Noxious Fumes"},{"not_picked":["Deflect","Finisher"],"picked":"Predator"},{"not_picked":["Backstab","Slice"],"picked":"Leg Sweep"},{"not_picked":["Distraction","Bouncing Flask"],"picked":"Dagger Throw"},{"not_picked":["PiercingWail","Underhanded Strike"],"picked":"Heel Hook"}],"player_experience":194835,"potions_floor_usage":[14,27,27,27,29],"damage_taken":[{"damage":1,"enemies":"Small Slimes","floor":1,"turns":4},{"damage":0,"enemies":"2 Louse","floor":3,"turns":4},{"damage":0,"enemies":"Cultist","floor":4,"turns":3},{"damage":35,"enemies":"Gremlin Nob","floor":7,"turns":5},{"damage":8,"enemies":"3 Sentries","floor":10,"turns":10},{"damage":8,"enemies":"Lagavulin","floor":12,"turns":8},{"damage":4,"enemies":"Exordium Wildlife","floor":14,"turns":5},{"damage":11,"enemies":"The Guardian","floor":16,"turns":13},{"damage":11,"enemies":"Shell Parasite","floor":18,"turns":9},{"damage":0,"enemies":"Chosen","floor":22,"turns":5},{"damage":6,"enemies":"Centurion and Healer","floor":24,"turns":6},{"damage":9,"enemies":"Snake Plant","floor":25,"turns":5},{"damage":50,"enemies":"Chosen and Byrds","floor":27,"turns":11},{"damage":1,"enemies":"3 Cultists","floor":29,"turns":4},{"damage":50,"enemies":"Automaton","floor":33,"turns":6}],"event_choices":[{"event_name":"Scrap Ooze","player_choice":"success","floor":2,"damage_taken":7},{"event_name":"Addict","player_choice":"Obtained Relic","floor":19,"damage_taken":0},{"event_name":"The Joust","player_choice":"Bet on Murderer","floor":21,"damage_taken":0},{"event_name":"N\u0027loth","player_choice":"Traded a Bag of Marbles","floor":28,"damage_taken":0},{"event_name":"Cursed Tome","player_choice":"Ignored","floor":31,"damage_taken":0}],"boss_relics":[{"not_picked":["Philosopher\u0027s Stone","Runic Dome"],"picked":"Calling Bell"}],"potions_floor_spawned":[1,7,16,25,27],"seed_played":"3993610489203278061","killed_by":"Automaton","ascension_level":6,"is_trial":false}