{"path_per_floor":["M","?","$","M","M","R","M","R","T","$","E","M","?","E","R","B",null,"M","$","?","M","?","R","M","R","T","R","M","M","R","?","R","B",null,"M","?","M","M"],"character_chosen":"THE_SILENT","items_purchased":["Torii","Trip","Vajra","Molten Egg 2"],"gold_per_floor":[367,367,2,12,28,28,46,46,119,31,62,82,102,436,436,507,507,518,18,18,33,33,33,51,51,77,77,93,112,112,112,112,188,188,201,201,220,236,236],"floor_reached":39,"campfire_rested":2,"playtime":3216,"current_hp_per_floor":[60,60,60,60,54,54,53,53,53,53,48,45,44,41,62,43,63,60,60,60,58,58,58,58,58,58,58,55,54,54,38,59,42,63,61,52,39,34,0],"items_purged":["Regret","Defend_G"],"gold":236,"score":670,"play_id":"e6aede80-895d-4dd8-a358-86e5cc257d71","local_time":"20180331191517","is_prod":false,"is_daily":false,"is_ascension_mode":true,"campfire_upgraded":6,"timestamp":1522538117,"path_taken":["M","?","$","?","M","R","?","R","T","?","E","M","?","E","R","BOSS","M","$","?","M","?","R","M","R","T","R","M","M","R","?","R","BOSS","M","?","?","M","M"],"build_version":"2018-03-29","purchased_purges":2,"victory":false,"master_deck":["Defend_G","Defend_G","Defend_G","Defend_G","Strike_G","Strike_G","Survivor","Neutralize","AscendersBane","Quick Slash","Malaise+1","Acrobatics","Leg Sweep+1","Trip","Well Laid Plans","Caltrops+1","Burst+1","Adrenaline+1","Predator+1","Flechettes+1","Deadly Poison+1","Burst","Setup+1","Madness","Madness"],"max_hp_per_floor":[70,70,70,70,70,70,70,70,70,70,70,70,70,70,70,70,70,70,70,70,70,70,70,70,70,70,70,70,70,70,70,70,70,70,70,70,70,70,70],"relics":["Ring of the Snake","Torii","Paper Crane","Odd Mushroom","Old Coin","Astrolabe","Vajra","Molten Egg 2","Nloth\u0027s Gift","Anchor","Nilry\u0027s Codex","Runic Dome"],"card_choices":[{"not_picked":["PiercingWail","Bane"],"picked":"Quick Slash","floor":1},{"not_picked":["Quick Slash","Riddle With Holes"],"picked":"Malaise","floor":4},{"not_picked":["Bane","Riddle With Holes"],"picked":"Acrobatics","floor":5},{"not_picked":["Deadly Poison","Infinite Blades"],"picked":"Leg Sweep","floor":7},{"not_picked":["Dagger Throw","Underhanded Strike"],"picked":"Well Laid Plans","floor":12},{"not_picked":["Blade Dance","Deadly Poison"],"picked":"Caltrops","floor":13},{"not_picked":["Slice","Storm of Steel"],"picked":"Burst","floor":14},{"not_picked":["A Thousand Cuts","Tactician"],"picked":"Adrenaline","floor":16}],"player_experience":316191,"potions_floor_usage":[14,18,18,33,33,35],"damage_taken":[{"damage":3,"enemies":"2 Louse","floor":1,"turns":4},{"damage":0,"enemies":"Cultist","floor":4,"turns":4},{"damage":6,"enemies":"Small Slimes","floor":5,"turns":5},{"damage":1,"enemies":"Blue Slaver","floor":7,"turns":5},{"damage":5,"enemies":"Lagavulin","floor":11,"turns":11},{"damage":3,"enemies":"Lots of Slimes","floor":12,"turns":7},{"damage":1,"enemies":"The Mushroom Lair","floor":13,"turns":7},{"damage":3,"enemies":"Gremlin Nob","floor":14,"turns":6},{"damage":19,"enemies":"Hexaghost","floor":16,"turns":15},{"damage":3,"enemies":"2 Thieves","floor":18,"turns":4},{"damage":2,"enemies":"Spheric Guardian","floor":21,"turns":5},{"damage":0,"enemies":"Snake Plant","floor":24,"turns":4},{"damage":3,"enemies":"3 Cultists","floor":28,"turns":8},{"damage":1,"enemies":"Snecko","floor":29,"turns":7},{"damage":17,"enemies":"Champ","floor":33,"turns":16},{"damage":2,"enemies":"3 Shapes","floor":35,"turns":7},{"damage":13,"enemies":"Flame Bruiser 1 Orb","floor":37,"turns":11},{"damage":5,"enemies":"3 Darklings","floor":38,"turns":6},{"damage":46,"enemies":"Flame Bruiser 2 Orb","floor":39,"turns":2}],"event_choices":[{"event_name":"Liars Game","player_choice":"disagreed","floor":2,"damage_taken":0},{"event_name":"Mushrooms","player_choice":"Fought Mushrooms","floor":13,"damage_taken":0},{"event_name":"Match and Keep!","player_choice":"2 cards matched","floor":20,"damage_taken":0},{"event_name":"N\u0027loth","player_choice":"Traded a Bottled Lightning","floor":22,"damage_taken":0},{"event_name":"Cursed Tome","player_choice":"Obtained Book","floor":31,"damage_taken":0},{"event_name":"Winding Halls","player_choice":"Embrace Madness","floor":36,"damage_taken":0}],"boss_relics":[{"not_picked":["Pandora\u0027s Box","Eternal Feather"],"picked":"Astrolabe"},{"not_picked":["Black Star","The Specimen"],"picked":"Runic Dome"}],"potions_floor_spawned":[4,11,12,18,28,29,38],"seed_played":"-1784857683386152380","killed_by":"Flame Bruiser 2 Orb","ascension_level":13,"is_trial":false}