{"path_per_floor":["M","M","M","?","?","R","M","?","T","M","M","R","M","?","R"],"character_chosen":"THE_SILENT","items_purchased":[],"gold_per_floor":[114,129,142,142,142,142,157,157,157,173,193,193,203,203,203,203],"floor_reached":16,"campfire_rested":2,"playtime":674,"current_hp_per_floor":[63,63,55,55,48,69,69,55,55,55,41,62,61,54,54,0],"items_purged":[],"gold":203,"score":141,"play_id":"8121cae3-1e9d-4185-93fc-96c79923ab9c","local_time":"20180327060444","is_prod":false,"is_daily":false,"is_ascension_mode":true,"campfire_upgraded":1,"timestamp":1522145084,"path_taken":["M","M","M","?","?","R","M","?","T","?","M","R","M","?","R","BOSS"],"build_version":"2018-03-25","purchased_purges":0,"victory":false,"master_deck":["Defend_G","Defend_G","Defend_G","Defend_G+1","Defend_G","Strike_G","Strike_G+1","Strike_G","Strike_G","Survivor","Neutralize","AscendersBane","Adrenaline","Bouncing Flask+1","Deadly Poison","Dash","Backflip","Dagger Throw"],"max_hp_per_floor":[70,70,70,70,70,70,70,70,70,70,70,70,70,70,70,70],"relics":["Ring of the Snake","Torii","Orichalcum"],"card_choices":[{"not_picked":["Choke","Bane"],"picked":"Bouncing Flask","floor":1},{"not_picked":["Dagger Spray","Poisoned Stab"],"picked":"Deadly Poison","floor":2},{"not_picked":["Dodge and Roll","Cloak And Dagger"],"picked":"Dash","floor":3},{"not_picked":["Caltrops","Heel Hook"],"picked":"Backflip","floor":11},{"not_picked":["Underhanded Strike","Bane"],"picked":"Dagger Throw","floor":13}],"player_experience":238640,"potions_floor_usage":[10,16,16],"damage_taken":[{"damage":0,"enemies":"Cultist","floor":1,"turns":4},{"damage":0,"enemies":"Jaw Worm","floor":2,"turns":4},{"damage":8,"enemies":"Small Slimes","floor":3,"turns":3},{"damage":0,"enemies":"Looter","floor":7,"turns":4},{"damage":0,"enemies":"3 Louse","floor":10,"turns":2},{"damage":14,"enemies":"Exordium Thugs","floor":11,"turns":7},{"damage":1,"enemies":"Looter","floor":13,"turns":4},{"damage":63,"enemies":"Slime Boss","floor":16,"turns":9}],"event_choices":[{"event_name":"Liars Game","player_choice":"disagreed","floor":4,"damage_taken":0},{"event_name":"Scrap Ooze","player_choice":"success","floor":5,"damage_taken":7},{"event_name":"Shining Light","player_choice":"Entered Light","floor":8,"damage_taken":0},{"event_name":"Golden Wing","player_choice":"Card Removal","floor":14,"damage_taken":0}],"boss_relics":[],"potions_floor_spawned":[1,2,11],"seed_played":"8810871484145351149","killed_by":"Slime Boss","ascension_level":10,"is_trial":false}