{"path_per_floor":["M","M","M","$","M","R","?","R","T","R","E","R","M","E","R","B",null,"M","?","?","$","M","R","?","R","T","M","R","M","T","M","R","B",null,"M","?","?","?","M","R","$","R","T","M","M","$","M","T","R","B"],"character_chosen":"THE_SILENT","items_purchased":["Apotheosis","Kunai"],"gold_per_floor":[117,127,145,70,88,88,88,88,142,142,176,176,193,219,219,316,316,332,247,282,77,93,93,93,93,171,186,186,200,226,242,242,340,340,350,350,450,450,461,461,101,101,101,116,136,11,30,83,83,83],"floor_reached":51,"campfire_rested":3,"playtime":2453,"current_hp_per_floor":[63,59,59,59,53,53,53,53,53,53,40,61,63,63,63,42,63,59,59,49,49,49,49,49,49,49,51,51,43,43,45,66,51,65,66,66,66,66,68,68,68,68,68,47,49,49,51,51,70,34],"items_purged":["Strike_G","Infinite Blades","Decay"],"gold":83,"score":958,"play_id":"3793acd1-3555-42c8-a065-7ee7845f1b38","local_time":"20180327154919","is_prod":false,"is_daily":false,"is_ascension_mode":true,"campfire_upgraded":6,"timestamp":1522180159,"path_taken":["M","M","M","?","M","R","?","R","T","R","E","R","M","E","R","BOSS","M","?","?","$","?","R","?","R","T","M","R","M","?","M","R","BOSS","M","?","?","?","M","R","$","R","T","M","M","$","M","?","R","BOSS"],"build_version":"2018-03-25","purchased_purges":4,"victory":true,"master_deck":["Defend_G+1","Defend_G+1","Defend_G+1","Defend_G+1","Defend_G+1","Strike_G+1","Strike_G+1","Strike_G+1","Strike_G+1","Neutralize+1","AscendersBane","Poisoned Stab+1","Skewer+1","Backflip+1","Leg Sweep+1","Tools of the Trade","Dagger Throw+1","Clumsy","Bouncing Flask+1","Clumsy","Footwork+1","Terror+1","Backflip+1","Decay"],"max_hp_per_floor":[70,70,70,70,70,70,70,70,70,70,70,70,70,70,70,70,70,70,70,70,70,70,70,70,70,70,70,70,70,70,70,70,70,70,70,70,70,70,70,70,70,70,70,70,70,70,70,70,70,70],"relics":["Velvet Choker","Tiny Chest","Blood Vial","Du-Vu Doll","Cursed Key","Girya","Red Mask","Shuriken","Bag of Marbles","Astrolabe","Kunai","Ice Cream","Omamori"],"card_choices":[{"not_picked":["Underhanded Strike","Infinite Blades"],"picked":"Poisoned Stab","floor":1},{"not_picked":["Sucker Punch","Riddle With Holes"],"picked":"Skewer","floor":2},{"not_picked":["PiercingWail","Choke"],"picked":"Backflip","floor":13},{"not_picked":["Dagger Spray","Backstab"],"picked":"Leg Sweep","floor":14},{"not_picked":["Bullet Time","Doppelganger"],"picked":"Tools of the Trade","floor":16},{"not_picked":["Caltrops","Cloak And Dagger"],"picked":"Dagger Throw","floor":18},{"not_picked":["Caltrops","Acrobatics"],"picked":"Bouncing Flask","floor":29},{"not_picked":["Tools of the Trade","Burst"],"picked":"Die Die Die","floor":33},{"not_picked":["Accuracy","Quick Slash"],"picked":"Terror","floor":39},{"not_picked":["Dagger Spray","Dodge and Roll"],"picked":"Backflip","floor":44}],"player_experience":241875,"potions_floor_usage":[5,14,16,20,31,44,47,50,50],"damage_taken":[{"damage":0,"enemies":"Cultist","floor":1,"turns":4},{"damage":4,"enemies":"Small Slimes","floor":2,"turns":4},{"damage":0,"enemies":"Jaw Worm","floor":3,"turns":3},{"damage":6,"enemies":"2 Fungi Beasts","floor":5,"turns":3},{"damage":13,"enemies":"3 Sentries","floor":11,"turns":8},{"damage":0,"enemies":"Looter","floor":13,"turns":3},{"damage":2,"enemies":"Gremlin Nob","floor":14,"turns":3},{"damage":23,"enemies":"Hexaghost","floor":16,"turns":10},{"damage":6,"enemies":"Chosen","floor":18,"turns":5},{"damage":12,"enemies":"Masked Bandits","floor":20,"turns":6},{"damage":2,"enemies":"Spheric Guardian","floor":22,"turns":4},{"damage":0,"enemies":"Centurion and Healer","floor":27,"turns":5},{"damage":10,"enemies":"Snake Plant","floor":29,"turns":2},{"damage":0,"enemies":"Snecko","floor":31,"turns":3},{"damage":17,"enemies":"Automaton","floor":33,"turns":8},{"damage":1,"enemies":"Flame Bruiser 1 Orb","floor":35,"turns":4},{"damage":0,"enemies":"3 Shapes","floor":39,"turns":6},{"damage":23,"enemies":"3 Darklings","floor":44,"turns":4},{"damage":0,"enemies":"Spire Growth","floor":45,"turns":4},{"damage":0,"enemies":"Sphere and 2 Shapes","floor":47,"turns":4},{"damage":36,"enemies":"Time Eater","floor":50,"turns":7}],"event_choices":[{"event_name":"Liars Game","player_choice":"disagreed","floor":7,"damage_taken":0},{"event_name":"Addict","player_choice":"Obtained Relic","floor":19,"damage_taken":0},{"event_name":"Masked Bandits","player_choice":"Fought over 247 gold","floor":20,"damage_taken":0},{"event_name":"Back to Basics","player_choice":"Simplicity","floor":24,"damage_taken":0},{"event_name":"Golden Shrine","player_choice":"Pray","floor":37,"damage_taken":0},{"event_name":"Fountain of Cleansing","player_choice":"Ignored","floor":38,"damage_taken":0}],"boss_relics":[{"not_picked":["White Beast Statue","Philosopher\u0027s Stone"],"picked":"Cursed Key"},{"not_picked":["The Specimen","Question Card"],"picked":"Astrolabe"}],"potions_floor_spawned":[2,11,13,16,27,33,35,44,45],"seed_played":"8199198033989432205","ascension_level":10,"is_trial":false}