{"path_per_floor":["M","?","?","M","M","R","E","M","T","R","M","M","E","$","R","B",null,"M","M","$","?","?"],"character_chosen":"THE_SILENT","items_purchased":["Kunai"],"gold_per_floor":[113,113,113,126,136,136,168,185,185,185,204,223,250,0,0,71,101,82,102,27,27,27,27],"floor_reached":23,"campfire_rested":2,"playtime":1291,"current_hp_per_floor":[54,54,54,54,52,52,25,25,25,44,38,31,3,3,22,41,60,46,39,39,39,33,0],"items_purged":["Regret"],"gold":27,"score":378,"play_id":"89131123-44be-4a69-9230-b9cfc7dd617e","local_time":"20180408082421","is_prod":false,"is_daily":false,"is_ascension_mode":true,"campfire_upgraded":1,"timestamp":1523190261,"path_taken":["M","?","?","M","?","R","E","?","T","R","M","M","E","$","R","BOSS","M","M","$","?","?","E"],"build_version":"2018-04-05","purchased_purges":1,"victory":false,"master_deck":["Defend_G","Defend_G","Defend_G","Defend_G","Defend_G","Strike_G","Strike_G","Strike_G","Strike_G","Survivor","Neutralize","AscendersBane","Dagger Spray","Unload","Choke","A Thousand Cuts+1","Cloak And Dagger","Caltrops","Backflip","Sucker Punch","Glass Knife","After Image","Regret","Clumsy","Cloak And Dagger","Ghostly","Ghostly","Ghostly","Ghostly","Ghostly"],"max_hp_per_floor":[66,66,66,66,66,66,66,66,66,66,66,66,66,66,66,66,66,66,66,66,66,33,33],"relics":["Ring of the Snake","Paper Crane","Blue Candle","Pantograph","Kunai","Calling Bell","Tiny Chest","Anchor","Snake Skull"],"card_choices":[{"not_picked":["Dodge and Roll","Flechettes"],"picked":"Dagger Spray","floor":1.0},{"not_picked":["Dodge and Roll","Dagger Throw"],"picked":"A Thousand Cuts","floor":4.0},{"not_picked":["Deadly Poison","Caltrops"],"picked":"Cloak And Dagger","floor":5.0},{"not_picked":["Bane","Catalyst"],"picked":"Caltrops","floor":7.0},{"not_picked":["Acrobatics","Crippling Poison"],"picked":"Backflip","floor":11.0},{"not_picked":["Backflip","Deflect"],"picked":"Sucker Punch","floor":12.0},{"not_picked":["Prepared","Flechettes"],"picked":"Glass Knife","floor":13.0},{"not_picked":["Night Terror","Phantasmal Killer"],"picked":"After Image","floor":16.0},{"not_picked":["Poisoned Stab","PiercingWail"],"picked":"Cloak And Dagger","floor":18}],"player_experience":395448,"potions_floor_usage":[18,23,23],"damage_taken":[{"damage":5.0,"enemies":"Cultist","floor":1.0,"turns":5.0},{"damage":0.0,"enemies":"2 Louse","floor":4.0,"turns":3.0},{"damage":2.0,"enemies":"Small Slimes","floor":5.0,"turns":5.0},{"damage":27.0,"enemies":"Lagavulin","floor":7.0,"turns":7.0},{"damage":0.0,"enemies":"Blue Slaver","floor":8.0,"turns":3.0},{"damage":6.0,"enemies":"Lots of Slimes","floor":11.0,"turns":3.0},{"damage":7.0,"enemies":"3 Louse","floor":12.0,"turns":3.0},{"damage":28.0,"enemies":"Gremlin Nob","floor":13.0,"turns":4.0},{"damage":6.0,"enemies":"The Guardian","floor":16.0,"turns":13.0},{"damage":14,"enemies":"2 Thieves","floor":18,"turns":4},{"damage":7,"enemies":"Shell Parasite","floor":19,"turns":13},{"damage":37,"enemies":"Book of Stabbing","floor":23,"turns":8}],"event_choices":[{"event_name":"Living Wall","player_choice":"Forget","floor":2.0,"damage_taken":0.0},{"event_name":"Match and Keep!","player_choice":"2 cards matched","floor":3.0,"damage_taken":0.0},{"event_name":"The Mausoleum","player_choice":"No","floor":21,"damage_taken":0},{"event_name":"Ghosts","player_choice":"Became a Ghost","floor":22,"damage_taken":0}],"boss_relics":[{"not_picked":["Runic Dome","Ectoplasm"],"picked":"Calling Bell"}],"potions_floor_spawned":[4,5,11,13,19],"seed_played":"6145868375615646824","killed_by":"Book of Stabbing","ascension_level":15,"is_trial":false}