{"path_per_floor":["M","M","?","M","M","E","$","R","T","E","?","R","M","M","R","B",null,"M","?","M","?","M"],"character_chosen":"THE_SILENT","items_purchased":["Bronze Scales"],"gold_per_floor":[117,137,137,149,164,199,54,54,54,86,86,86,101,113,113,190,220,236,236,252,252,264,264],"floor_reached":23,"campfire_rested":1,"playtime":1625,"current_hp_per_floor":[59,58,63,59,35,13,13,32,32,18,18,18,18,18,18,30,61,56,56,46,46,14,0],"items_purged":[],"gold":264,"score":355,"play_id":"bdbf0dc8-3b28-4d3d-971a-05e794a34827","local_time":"20180420071131","is_prod":false,"is_daily":false,"chose_seed":false,"is_ascension_mode":true,"campfire_upgraded":0,"timestamp":1524222691,"path_taken":["M","M","?","M","M","E","?","R","T","E","?","R","?","?","R","BOSS","M","?","M","?","?","E"],"build_version":"2018-04-19","seed_source_timestamp":741346754373418,"purchased_purges":0,"victory":false,"master_deck":["Defend_G","Defend_G+1","Defend_G","Defend_G","Defend_G","Strike_G","Strike_G","Survivor","Neutralize+1","AscendersBane","Distraction","Storm of Steel","Dagger Throw","Backflip","Terror","Escape Plan","Backflip","Well Laid Plans","Infinite Blades","Tools of the Trade","Quick Slash","Malaise","Injury","Tools of the Trade","Riddle With Holes"],"max_hp_per_floor":[60,60,65,65,65,65,65,65,65,65,65,65,65,65,65,65,70,70,70,70,70,70,70],"relics":["Ring of the Snake","Girya","Bronze Scales","Shuriken","Pantograph","Tiny House"],"card_choices":[{"not_picked":["PiercingWail","Sucker Punch"],"picked":"Dagger Throw","floor":2},{"not_picked":["Bouncing Flask","Underhanded Strike"],"picked":"Backflip","floor":4},{"not_picked":["Predator","Deadly Poison"],"picked":"Terror","floor":5},{"not_picked":["Corpse Explosion","Prepared"],"picked":"Escape Plan","floor":6},{"not_picked":["Unload","Sucker Punch"],"picked":"Backflip","floor":10},{"not_picked":["Slice","Backstab"],"picked":"Well Laid Plans","floor":13},{"not_picked":["Crippling Poison","Bouncing Flask"],"picked":"Infinite Blades","floor":14},{"not_picked":["Bullet Time","Venomology"],"picked":"Tools of the Trade","floor":16},{"not_picked":["Slice","Bane"],"picked":"Quick Slash","floor":17},{"not_picked":["Masterful Stab","Infinite Blades"],"picked":"Malaise","floor":18}],"player_experience":527088,"potions_floor_usage":[6,6,20,23,23],"damage_taken":[{"damage":0,"enemies":"2 Louse","floor":1,"turns":6},{"damage":1,"enemies":"Jaw Worm","floor":2,"turns":4},{"damage":4,"enemies":"Small Slimes","floor":4,"turns":5},{"damage":24,"enemies":"Exordium Thugs","floor":5,"turns":8},{"damage":22,"enemies":"3 Sentries","floor":6,"turns":15},{"damage":14,"enemies":"Lagavulin","floor":10,"turns":7},{"damage":0,"enemies":"3 Louse","floor":13,"turns":6},{"damage":0,"enemies":"Gremlin Gang","floor":14,"turns":3},{"damage":13,"enemies":"Hexaghost","floor":16,"turns":6},{"damage":5,"enemies":"3 Byrds","floor":18,"turns":4},{"damage":10,"enemies":"Spheric Guardian","floor":20,"turns":4},{"damage":32,"enemies":"3 Cultists","floor":22,"turns":6},{"damage":21,"enemies":"Slavers","floor":23,"turns":1}],"event_choices":[{"event_name":"Big Fish","player_choice":"Donut","floor":3,"damage_taken":0},{"event_name":"Accursed Blacksmith","player_choice":"Forge","floor":11,"damage_taken":0},{"event_name":"Match and Keep!","player_choice":"2 cards matched","floor":19,"damage_taken":0},{"event_name":"Transmorgrifier","player_choice":"Transform","floor":21,"damage_taken":0}],"boss_relics":[{"not_picked":["White Beast Statue","Lizard Tail"],"picked":"Tiny House"}],"potions_floor_spawned":[1,4,14,18],"seed_played":"-7848371591095754656","killed_by":"Slavers","ascension_level":15,"is_trial":false}