{"path_per_floor":["M","M","?","M","M","E","M","?","T","?","M","R","M","M","R"],"character_chosen":"THE_SILENT","items_purchased":[],"gold_per_floor":[362,379,379,390,400,431,451,451,478,478,496,496,510,520,520,520],"floor_reached":16,"campfire_rested":2,"playtime":1734,"current_hp_per_floor":[59,52,52,52,34,7,7,7,7,7,1,19,16,6,24,0],"items_purged":[],"gold":520,"score":106,"play_id":"42efe2f7-49c7-4532-88e7-013aba6d9739","local_time":"20180401122418","is_prod":false,"is_daily":false,"is_ascension_mode":false,"campfire_upgraded":0,"timestamp":1522599858,"path_taken":["M","M","?","?","?","E","M","?","T","?","M","R","?","M","R","BOSS"],"build_version":"2018-03-29v2","purchased_purges":0,"victory":false,"master_deck":["Defend_G","Defend_G","Defend_G","Defend_G","Defend_G","Strike_G","Strike_G","Strike_G","Survivor","Neutralize","Cloak And Dagger","Acrobatics","PiercingWail","Prepared","Outmaneuver","Catalyst","Cloak And Dagger","Slice","Adrenaline","Outmaneuver","Adrenaline"],"max_hp_per_floor":[63,63,63,63,63,63,63,63,63,63,63,63,63,63,63,63],"relics":["Ring of the Snake","Bronze Scales","Dream Catcher"],"card_choices":[{"not_picked":["Skewer","Dagger Spray"],"picked":"Cloak And Dagger","floor":1},{"not_picked":["Eviscerate","Dodge and Roll"],"picked":"Acrobatics","floor":2},{"not_picked":["Backflip","Escape Plan"],"picked":"Prepared","floor":4},{"not_picked":["Bouncing Flask","Calculated Gamble"],"picked":"Outmaneuver","floor":7},{"not_picked":["Skewer","Backflip"],"picked":"Cloak And Dagger","floor":11},{"not_picked":["Catalyst","Dagger Throw"],"picked":"Slice","floor":12},{"not_picked":["Poisoned Stab","Dagger Spray"],"picked":"Adrenaline","floor":13},{"not_picked":["Poisoned Stab","PiercingWail"],"picked":"Outmaneuver","floor":14},{"not_picked":["Flying Knee","Heel Hook"],"picked":"Adrenaline","floor":15}],"player_experience":58010,"potions_floor_usage":[5,7,11,16,16],"damage_taken":[{"damage":4,"enemies":"Jaw Worm","floor":1,"turns":7},{"damage":7,"enemies":"Cultist","floor":2,"turns":4},{"damage":0,"enemies":"2 Louse","floor":4,"turns":4},{"damage":18,"enemies":"Exordium Wildlife","floor":5,"turns":11},{"damage":27,"enemies":"3 Sentries","floor":6,"turns":18},{"damage":0,"enemies":"Blue Slaver","floor":7,"turns":4},{"damage":6,"enemies":"Large Slime","floor":11,"turns":13},{"damage":3,"enemies":"Exordium Wildlife","floor":13,"turns":4},{"damage":10,"enemies":"Red Slaver","floor":14,"turns":4},{"damage":25,"enemies":"Slime Boss","floor":16,"turns":3}],"event_choices":[{"event_name":"Transmorgrifier","player_choice":"Transform","floor":3,"damage_taken":0},{"event_name":"Living Wall","player_choice":"Change","floor":8,"damage_taken":0},{"event_name":"Golden Wing","player_choice":"Ignored","floor":10,"damage_taken":0}],"boss_relics":[],"potions_floor_spawned":[1,6,7,11,14],"seed_played":"-5165105468699449010","killed_by":"Slime Boss","ascension_level":0,"is_trial":false}