{"path_per_floor":["M","?","M","M","$","E","R","T","T","R","E","M","$","?","R","B",null,"M","?","?","M","M","R","?","R","T","M","$"],"character_chosen":"THE_SILENT","items_purchased":["Deadly Poison","Adrenaline","Bag of Preparation","Bane","Ancient Tea Set"],"gold_per_floor":[112,112,125,144,24,58,58,58,58,58,85,105,27,202,202,301,301,317,532,532,532,542,542,542,542,542,552,137,137],"floor_reached":29,"campfire_rested":3,"playtime":2322,"current_hp_per_floor":[70,63,58,54,54,41,62,62,62,62,33,29,29,29,50,5,74,67,67,67,66,32,55,55,55,55,8,8,0],"items_purged":["Strike_G","Accuracy"],"gold":137,"score":257,"play_id":"194cd76d-3eff-4203-a1f5-eddfebba8c22","local_time":"20180404115318","is_prod":false,"is_daily":false,"is_ascension_mode":false,"campfire_upgraded":2,"timestamp":1522857198,"path_taken":["M","?","?","M","$","E","R","?","T","R","E","M","$","?","R","BOSS","M","?","?","M","?","R","?","R","T","?","$","M"],"build_version":"2018-03-29v2","purchased_purges":2,"victory":false,"master_deck":["Defend_G","Defend_G","Defend_G","Defend_G","Defend_G","Strike_G","Strike_G","Strike_G","Strike_G","Survivor","Neutralize","Prepared","Distraction+1","Deadly Poison","Poisoned Stab","Escape Plan","Adrenaline","Burst+1","Distraction","Poisoned Stab","Poisoned Stab","Poisoned Stab+1","Bane"],"max_hp_per_floor":[70,70,70,70,70,70,70,70,70,70,70,70,70,70,70,70,74,74,74,74,76,78,78,78,78,78,78,78,78],"relics":["The Specimen","Gambling Chip","Bronze Scales","Sundial","Orichalcum","Singing Bowl","Orrery","Old Coin","Peace Pipe","Bag of Preparation","Ancient Tea Set"],"card_choices":[{"not_picked":["Cloak And Dagger","Accuracy"],"picked":"Prepared","floor":3.0},{"not_picked":["Eviscerate","Underhanded Strike"],"picked":"Distraction","floor":4.0},{"not_picked":["Quick Slash","Escape Plan"],"picked":"Poisoned Stab","floor":11.0},{"not_picked":["Bane","Outmaneuver"],"picked":"Escape Plan","floor":12},{"not_picked":["Grand Finale","Wraith Form"],"picked":"Burst","floor":16},{"not_picked":["Infinite Blades","Leg Sweep"],"picked":"Distraction","floor":17},{"not_picked":["Endless Agony","Calculated Gamble"],"picked":"Poisoned Stab","floor":17},{"not_picked":["Acrobatics","Prepared"],"picked":"Poisoned Stab","floor":17},{"not_picked":["Outmaneuver","Dagger Throw"],"picked":"Accuracy","floor":18},{"not_picked":["Calculated Gamble","PiercingWail"],"picked":"Poisoned Stab","floor":27}],"player_experience":119071,"potions_floor_usage":[],"damage_taken":[{"damage":0.0,"enemies":"Cultist","floor":1.0,"turns":5.0},{"damage":5.0,"enemies":"Small Slimes","floor":3.0,"turns":4.0},{"damage":4.0,"enemies":"Jaw Worm","floor":4.0,"turns":7.0},{"damage":13.0,"enemies":"Lagavulin","floor":6.0,"turns":8.0},{"damage":29.0,"enemies":"3 Sentries","floor":11.0,"turns":11.0},{"damage":4.0,"enemies":"Blue Slaver","floor":12.0,"turns":4.0},{"damage":45,"enemies":"The Guardian","floor":16,"turns":13},{"damage":7,"enemies":"3 Byrds","floor":18,"turns":4},{"damage":3,"enemies":"Chosen","floor":21,"turns":4},{"damage":36,"enemies":"Slaver and Parasite","floor":22,"turns":6},{"damage":47,"enemies":"Sentry and Sphere","floor":27,"turns":10},{"damage":10,"enemies":"3 Cultists","floor":29,"turns":2}],"event_choices":[{"event_name":"Scrap Ooze","player_choice":"success","floor":2.0,"damage_taken":7.0},{"event_name":"Liars Game","player_choice":"agreed","floor":14,"damage_taken":0},{"event_name":"Addict","player_choice":"Obtained Relic","floor":19,"damage_taken":0},{"event_name":"Fountain of Cleansing","player_choice":"Removed Curse","floor":20,"damage_taken":0},{"event_name":"Ghosts","player_choice":"Ignored","floor":24,"damage_taken":0}],"boss_relics":[{"not_picked":["White Beast Statue","Snecko Eye"],"picked":"Orrery"}],"potions_floor_spawned":[1,3,11,16,22,27],"seed_played":"6359948897848957135","killed_by":"3 Cultists","ascension_level":0,"is_trial":false}