{"path_per_floor":["M","M","M","?","?","E","?","M","T","M","E","R","M","M","R","B",null,"M","?","M","$","M","E","R","M","T","M","?","R","?","$","R"],"character_chosen":"THE_SILENT","items_purchased":["Panache","Dexterity Potion","Strength Potion","Underhanded Strike"],"gold_per_floor":[147,162,182,182,182,208,158,170,195,215,243,243,263,279,279,380,380,394,294,314,40,55,90,90,103,150,168,168,168,168,44,44,44],"floor_reached":33,"campfire_rested":3,"playtime":5705,"current_hp_per_floor":[75,75,75,80,80,66,66,62,62,62,56,56,56,56,56,40,80,70,70,67,67,42,25,49,39,39,39,39,63,48,48,73,0],"items_purged":["Blade Dance"],"gold":44,"score":304,"play_id":"fec231d8-5bfa-4bce-9f55-813119acb777","local_time":"20180330105424","is_prod":false,"is_daily":false,"is_ascension_mode":false,"campfire_upgraded":2,"timestamp":1522421664,"path_taken":["M","M","M","?","?","E","?","M","T","M","E","R","M","M","R","BOSS","M","?","M","$","M","E","R","M","T","M","?","R","?","$","R","BOSS"],"build_version":"2018-03-29v2","purchased_purges":1,"victory":false,"master_deck":["Defend_G","Defend_G","Defend_G","Defend_G","Defend_G","Strike_G","Strike_G","Strike_G","Strike_G","Survivor","Neutralize+1","Backflip","Masterful Stab+1","Blur","Flying Knee","Poisoned Stab","Flechettes+1","Skewer","Outmaneuver+1","Slice","Adrenaline","Terror","J.A.X.","Panache","Underhanded Strike","Leg Sweep","Outmaneuver+1","Glass Knife","Underhanded Strike"],"max_hp_per_floor":[75,75,75,80,80,80,80,80,80,80,80,80,80,80,80,80,80,80,80,80,80,80,80,80,80,80,80,80,80,85,85,85,85],"relics":["Tiny House","Happy Flower","Vajra","Anchor","Velvet Choker","Torii","Bag of Preparation"],"card_choices":[{"not_picked":["Poisoned Stab","Sucker Punch"],"picked":"Backflip","floor":0.0},{"not_picked":["Bane","Prepared"],"picked":"Masterful Stab","floor":1.0},{"not_picked":["Eviscerate","Dagger Throw"],"picked":"Blur","floor":2.0},{"not_picked":["Backflip","Riddle With Holes"],"picked":"Flying Knee","floor":3.0},{"not_picked":["Quick Slash","Leg Sweep"],"picked":"Poisoned Stab","floor":6.0},{"not_picked":["Reflex","Blur"],"picked":"Flechettes","floor":8.0},{"not_picked":["Reflex","Dodge and Roll"],"picked":"Skewer","floor":11.0},{"not_picked":["Well Laid Plans","Catalyst"],"picked":"Outmaneuver","floor":13.0},{"not_picked":["Bouncing Flask","Malaise"],"picked":"Slice","floor":14.0},{"not_picked":["Tactician","Venomology"],"picked":"Adrenaline","floor":16.0},{"not_picked":["Leg Sweep","Poisoned Stab"],"picked":"Terror","floor":18.0},{"not_picked":["Backflip","Poisoned Stab"],"picked":"Blade Dance","floor":20.0},{"not_picked":["Deflect","Endless Agony"],"picked":"Underhanded Strike","floor":22.0},{"not_picked":["Dagger Spray","Escape Plan"],"picked":"Leg Sweep","floor":23.0},{"not_picked":["Skewer","Prepared"],"picked":"Outmaneuver","floor":25.0},{"not_picked":["Slice","Poisoned Stab"],"picked":"Glass Knife","floor":27.0}],"player_experience":24963,"potions_floor_usage":[33,33,33],"damage_taken":[{"damage":0.0,"enemies":"Jaw Worm","floor":1.0,"turns":6.0},{"damage":0.0,"enemies":"Cultist","floor":2.0,"turns":4.0},{"damage":0.0,"enemies":"Small Slimes","floor":3.0,"turns":5.0},{"damage":14.0,"enemies":"Lagavulin","floor":6.0,"turns":10.0},{"damage":4.0,"enemies":"Red Slaver","floor":8.0,"turns":2.0},{"damage":0.0,"enemies":"Exordium Thugs","floor":10.0,"turns":4.0},{"damage":6.0,"enemies":"Gremlin Nob","floor":11.0,"turns":3.0},{"damage":0.0,"enemies":"Looter","floor":13.0,"turns":2.0},{"damage":0.0,"enemies":"3 Louse","floor":14.0,"turns":3.0},{"damage":16.0,"enemies":"Hexaghost","floor":16.0,"turns":11.0},{"damage":10.0,"enemies":"2 Thieves","floor":18.0,"turns":3.0},{"damage":3.0,"enemies":"Shell Parasite","floor":20.0,"turns":3.0},{"damage":25.0,"enemies":"Cultist and Chosen","floor":22.0,"turns":6.0},{"damage":17.0,"enemies":"Gremlin Leader","floor":23.0,"turns":6.0},{"damage":10.0,"enemies":"Centurion and Healer","floor":25.0,"turns":6.0},{"damage":0.0,"enemies":"Snake Plant","floor":27.0,"turns":2.0},{"damage":86,"enemies":"Collector","floor":33,"turns":10}],"event_choices":[{"event_name":"Big Fish","player_choice":"Donut","floor":4.0,"damage_taken":0.0},{"event_name":"Upgrade Shrine","player_choice":"Upgraded","floor":5.0,"damage_taken":0.0},{"event_name":"The Cleric","player_choice":"Card Removal","floor":7.0,"damage_taken":0.0},{"event_name":"Drug Dealer","player_choice":"Got JAXXED","floor":19.0,"damage_taken":0.0},{"event_name":"The Woman in Blue","player_choice":"Bought 0 Potions","floor":28.0,"damage_taken":0.0},{"event_name":"Forgotten Altar","player_choice":"Shed Blood","floor":30.0,"damage_taken":0.0}],"boss_relics":[],"potions_floor_spawned":[2,3,8,13,16,18,23],"seed_played":"-903662471292536607","killed_by":"Collector","ascension_level":0,"is_trial":false}