{"path_per_floor":["M","?","?","$","?","R","M","M","T","M","M","?","R","M","R","B",null,"M","M","$"],"character_chosen":"THE_SILENT","items_purchased":["Noxious Fumes","Regal Pillow","Terror"],"gold_per_floor":[114,114,114,39,39,39,52,70,70,80,90,90,90,107,107,202,202,213,230,11,11],"floor_reached":21,"campfire_rested":0,"playtime":2187,"current_hp_per_floor":[70,63,68,68,68,68,68,65,65,61,54,54,54,49,49,37,75,37,6,6,0],"items_purged":[],"gold":11,"score":171,"play_id":"a29da623-0262-4637-92d7-3c92990f48ca","local_time":"20180328205318","is_prod":false,"is_daily":false,"is_ascension_mode":false,"campfire_upgraded":3,"timestamp":1522284798,"path_taken":["M","?","?","$","?","R","M","M","T","?","M","?","R","M","R","BOSS","M","?","$","M"],"build_version":"2018-03-22v2","purchased_purges":0,"victory":false,"master_deck":["Defend_G","Defend_G","Defend_G","Defend_G","Defend_G","Strike_G","Strike_G","Strike_G","Strike_G","Strike_G","Survivor","Neutralize+1","Flying Knee","Noxious Fumes+1","Blur","Backstab","Bouncing Flask+1","Acrobatics","Prepared","A Thousand Cuts","Slice","Infinite Blades","Terror"],"max_hp_per_floor":[70,70,75,75,75,75,75,75,75,75,75,75,75,75,75,75,75,75,75,75,75],"relics":["Ring of the Snake","Ancient Tea Set","Black Star","Regal Pillow"],"card_choices":[{"not_picked":["Dodge and Roll","Outmaneuver"],"picked":"Flying Knee","floor":1},{"not_picked":["Riddle With Holes","Slice"],"picked":"Blur","floor":7},{"not_picked":["Dagger Throw","Dagger Spray"],"picked":"Backstab","floor":8},{"not_picked":["Glass Knife","Dagger Spray"],"picked":"Bouncing Flask","floor":10},{"not_picked":["Flechettes","Quick Slash"],"picked":"Acrobatics","floor":11},{"not_picked":["Dagger Spray","PiercingWail"],"picked":"Prepared","floor":14},{"not_picked":["Bullet Time","Doppelganger"],"picked":"A Thousand Cuts","floor":16},{"not_picked":["Flying Knee","Dagger Spray"],"picked":"Slice","floor":18},{"not_picked":["Escape Plan","Slice"],"picked":"Infinite Blades","floor":19}],"player_experience":6131,"potions_floor_usage":[16,16,16],"damage_taken":[{"damage":0,"enemies":"2 Louse","floor":1,"turns":5},{"damage":0,"enemies":"Small Slimes","floor":7,"turns":3},{"damage":3,"enemies":"Jaw Worm","floor":8,"turns":4},{"damage":4,"enemies":"2 Fungi Beasts","floor":10,"turns":5},{"damage":7,"enemies":"Looter","floor":11,"turns":3},{"damage":5,"enemies":"Exordium Thugs","floor":14,"turns":4},{"damage":12,"enemies":"Hexaghost","floor":16,"turns":8},{"damage":38,"enemies":"Spheric Guardian","floor":18,"turns":8},{"damage":31,"enemies":"3 Byrds","floor":19,"turns":6},{"damage":13,"enemies":"Slaver and Parasite","floor":21,"turns":1}],"event_choices":[{"event_name":"Scrap Ooze","player_choice":"success","floor":2,"damage_taken":7},{"event_name":"Big Fish","player_choice":"Donut","floor":3,"damage_taken":0},{"event_name":"The Cleric","player_choice":"Leave","floor":5,"damage_taken":0},{"event_name":"The Lab","player_choice":"Got Potions","floor":12,"damage_taken":0}],"boss_relics":[{"not_picked":["Runic Dome","Calling Bell"],"picked":"Black Star"}],"potions_floor_spawned":[7,11,14,16],"seed_played":"-6026629160601293334","killed_by":"Slaver and Parasite","ascension_level":0,"is_trial":false}