{"path_per_floor":["M","M","?","M","M","R","M","?","T","?","M","M","E","M","R"],"character_chosen":"IRONCLAD","items_purchased":[],"gold_per_floor":[116,135,135,148,168,168,184,214,214,214,231,248,280,291,291],"floor_reached":16,"campfire_rested":1,"playtime":1365,"current_hp_per_floor":[80,80,87,80,52,52,55,36,36,29,35,37,10,9,35],"items_purged":[],"gold":291,"play_id":"62e93ed5-9873-472c-92ac-adf2b933a124","is_prod":false,"is_daily":false,"is_ascension_mode":false,"campfire_upgraded":1,"path_taken":["M","M","?","?","M","R","M","?","T","?","M","?","E","M","R","BOSS"],"build_version":"2018-01-25-PROD3","purchased_purges":0,"victory":false,"master_deck":["Strike_R","Strike_R","Strike_R","Strike_R","Strike_R","Defend_R","Defend_R","Defend_R","Defend_R","Bash","Cleave","Armaments+1","Pommel Strike","Shrug It Off","Iron Wave","Battle Trance","Iron Wave"],"max_hp_per_floor":[80,80,87,87,87,87,87,87,87,87,87,87,87,87,87],"relics":["Burning Blood","Lantern","Strawberry","Odd Mushroom","Champion Belt","Dream Catcher"],"card_choices":[{"not_picked":["Armaments","Feel No Pain"],"picked":"Cleave"},{"not_picked":["Havoc","Cleave"],"picked":"Armaments"},{"not_picked":["Armaments","Flex"],"picked":"Pommel Strike"},{"not_picked":["Power Through","Armaments"],"picked":"Shrug It Off"},{"not_picked":["Sever Soul","Twin Strike"],"picked":"Iron Wave"},{"not_picked":["Heavy Blade","Headbutt"],"picked":"Battle Trance"},{"not_picked":["Clothesline","Sword Boomerang"],"picked":"Iron Wave"}],"player_experience":75266,"potions_floor_usage":[16,16,16],"damage_taken":[{"damage":5,"enemies":"Small Slimes","floor":1,"turns":3},{"damage":6,"enemies":"Jaw Worm","floor":2,"turns":5},{"damage":13,"enemies":"Blue Slaver","floor":4,"turns":4},{"damage":34,"enemies":"Gremlin Gang","floor":5,"turns":4},{"damage":3,"enemies":"3 Louse","floor":7,"turns":3},{"damage":25,"enemies":"The Mushroom Lair","floor":8,"turns":4},{"damage":0,"enemies":"Exordium Thugs","floor":11,"turns":3},{"damage":4,"enemies":"Looter","floor":12,"turns":3},{"damage":33,"enemies":"3 Sentries","floor":13,"turns":9},{"damage":7,"enemies":"Large Slime","floor":14,"turns":8},{"damage":37,"enemies":"Slime Boss","floor":16,"turns":13}],"event_choices":[{"event_name":"Big Fish","player_choice":"Box","floor":3,"damage_taken":0},{"event_name":"Mushrooms","player_choice":"Fought Mushrooms","floor":8,"damage_taken":0},{"event_name":"Golden Wing","player_choice":"Card Removal","floor":10,"damage_taken":0}],"boss_relics":[],"potions_floor_spawned":[5,7,8,13],"seed_played":"7145884041530639937","killed_by":"Slime Boss","ascension_level":0,"is_trial":false}