{"path_per_floor":["M","?","$","?","M","E","R","M","T","M","R","E","$","M","R","B",null,"M","M","?","?","?","R","M","R","T","R","?","M","?","E","R","B",null,"M","$","?","M","$","R"],"character_chosen":"IRONCLAD","items_purchased":["Whetstone","Toolbox","Pommel Strike","Barricade"],"gold_per_floor":[14,14,14,264,282,308,308,326,394,413,413,448,22,38,38,140,140,152,165,165,165,165,165,183,183,183,183,98,116,116,150,150,255,255,272,116,0,17,17,17],"floor_reached":41,"campfire_rested":3,"playtime":3226,"current_hp_per_floor":[90,90,90,90,75,30,30,34,34,26,54,40,40,46,46,42,100,91,81,81,81,81,81,53,53,53,83,83,87,72,42,75,17,116,109,109,109,99,99,99],"items_purged":[],"gold":17,"play_id":"bd49adfc-934c-4ebd-af3e-dabc42755550","is_prod":false,"is_daily":false,"is_ascension_mode":false,"campfire_upgraded":4,"path_taken":["M","?","?","?","?","E","R","M","T","M","R","E","$","M","R","BOSS","M","M","?","?","?","R","M","R","T","R","?","M","?","E","R","BOSS","M","?","?","M","$","R","E"],"build_version":"2018-01-25-PROD3","purchased_purges":1,"victory":false,"master_deck":["Strike_R+1","Strike_R+1","Defend_R","Defend_R","Defend_R+1","Defend_R","Metallicize+1","Inflame+1","Disarm","Shrug It Off+1","Feed","Pommel Strike","Spot Weakness","Limit Break+1","Heavy Blade","Armaments+1","Feed","Spot Weakness","Flex","Shrug It Off","Body Slam+1","Double Tap","Immolate+1","Dark Embrace+1","Blood for Blood+1","Pummel","Barricade+1"],"max_hp_per_floor":[94,94,94,94,94,94,94,94,94,94,94,97,97,100,100,100,100,100,100,100,100,100,100,103,103,103,103,103,107,112,112,112,116,116,116,116,116,116,116,116],"relics":["Black Blood","Mango","Juzu Bracelet","Letter Opener","Peace Pipe","Whetstone","Toolbox","Orichalcum","Unceasing Top","Blood Vial","War Paint","Astrolabe","Red Mask"],"card_choices":[{"not_picked":["Perfected Strike","Hemokinesis"],"picked":"Metallicize"},{"not_picked":["Thunderclap","Evolve"],"picked":"Inflame"},{"not_picked":["Clash","Dual Wield"],"picked":"Disarm"},{"not_picked":["Rage","Intimidate"],"picked":"Shrug It Off"},{"not_picked":["Anger","Disarm"],"picked":"Feed"},{"not_picked":["Feel No Pain","Pommel Strike"],"picked":"Spot Weakness"},{"not_picked":["Dark Embrace","Bludgeon"],"picked":"Limit Break"},{"not_picked":["Dropkick","Body Slam"],"picked":"Heavy Blade"},{"not_picked":["Intimidate","Reckless Charge"],"picked":"Armaments"},{"not_picked":["Cleave","Sever Soul"],"picked":"Flex"},{"not_picked":["Burning Pact","Power Through"],"picked":"Shrug It Off"},{"not_picked":["Bloodletting","Dropkick"],"picked":"Body Slam"},{"not_picked":["Impervious","Juggernaut"],"picked":"Double Tap"},{"not_picked":["True Grit","Battle Trance"],"picked":"Pummel"}],"player_experience":21500,"potions_floor_usage":[10,12,19,31,31,31,41],"damage_taken":[{"damage":10,"enemies":"Small Slimes","floor":1,"turns":3},{"damage":21,"enemies":"Blue Slaver","floor":5,"turns":7},{"damage":51,"enemies":"Gremlin Nob","floor":6,"turns":6},{"damage":2,"enemies":"Cultist","floor":8,"turns":4},{"damage":14,"enemies":"Exordium Thugs","floor":10,"turns":6},{"damage":38,"enemies":"3 Sentries","floor":12,"turns":12},{"damage":3,"enemies":"3 Louse","floor":14,"turns":4},{"damage":10,"enemies":"Hexaghost","floor":16,"turns":11},{"damage":19,"enemies":"3 Byrds","floor":18,"turns":6},{"damage":20,"enemies":"2 Thieves","floor":19,"turns":5},{"damage":41,"enemies":"3 Cultists","floor":24,"turns":6},{"damage":12,"enemies":"Snecko","floor":29,"turns":7},{"damage":42,"enemies":"Gremlin Leader","floor":31,"turns":6},{"damage":74,"enemies":"Collector","floor":33,"turns":10},{"damage":17,"enemies":"3 Darklings","floor":35,"turns":6},{"damage":22,"enemies":"Orb Walker","floor":38,"turns":5},{"damage":117,"enemies":"Giant Head","floor":41,"turns":10}],"event_choices":[{"event_name":"Upgrade Shrine","player_choice":"Upgraded","floor":2,"damage_taken":0},{"event_name":"Golden Shrine","player_choice":"Desecrate","floor":4,"damage_taken":0},{"event_name":"Transmorgrifier","player_choice":"Transform","floor":20,"damage_taken":0},{"event_name":"The Mausoleum","player_choice":"Yes","floor":21,"damage_taken":0},{"event_name":"The Library","player_choice":"Read","floor":22,"damage_taken":0},{"event_name":"Addict","player_choice":"Obtained Relic","floor":28,"damage_taken":0},{"event_name":"Forgotten Altar","player_choice":"Shed Blood","floor":30,"damage_taken":0},{"event_name":"Tomb of Lord Red Mask","player_choice":"Paid","floor":37,"damage_taken":0}],"boss_relics":[{"not_picked":["White Beast Statue","Runic Cube"],"picked":"Black Blood"},{"not_picked":["Lizard Tail","Orrery"],"picked":"Astrolabe"}],"potions_floor_spawned":[5,8,10,12,18,24,29,35],"seed_played":"-2885985308663056044","killed_by":"Giant Head","ascension_level":0,"is_trial":false}