{"path_per_floor":["M","M","M","M","M","R","T","M","T","?","M","$","M","M","R","B",null,"M","?","M","M","$","R"],"character_chosen":"IRONCLAD","items_purchased":["Inflame"],"gold_per_floor":[14,32,48,59,75,75,144,156,156,156,176,101,111,129,129,231,231,245,145,131,142,7,7],"floor_reached":24,"campfire_rested":0,"playtime":1670,"current_hp_per_floor":[73,77,80,75,76,76,76,80,80,80,79,79,69,72,72,64,80,77,77,49,36,36,36],"items_purged":["Normality","Normality"],"gold":7,"play_id":"54ee7ac8-0031-4c87-9366-c5de92406aae","is_prod":false,"is_daily":false,"is_ascension_mode":false,"campfire_upgraded":3,"path_taken":["M","M","M","M","M","R","?","?","T","?","?","$","?","M","R","BOSS","M","?","M","M","$","R","E"],"build_version":"2018-01-25-PROD3","purchased_purges":2,"victory":false,"master_deck":["Strike_R","Strike_R","Strike_R","Strike_R","Strike_R","Defend_R","Defend_R+1","Defend_R","Defend_R+1","Bash","Flex+1","Heavy Blade+1","Impervious","Limit Break+1","Pain","Writhe","J.A.X.","Inflame"],"max_hp_per_floor":[80,80,80,80,80,80,80,80,80,80,80,80,80,80,80,80,80,80,80,80,80,80,80],"relics":["Burning Blood","Ginger","Gremlin Horn","Calipers","War Paint","Calling Bell","Orichalcum","Ornamental Fan","Juzu Bracelet"],"card_choices":[{"not_picked":["Warcry","Pommel Strike"],"picked":"Flex"},{"not_picked":["Fire Breathing","Cleave"],"picked":"Heavy Blade"},{"not_picked":["Corruption","Anger"],"picked":"Impervious"},{"not_picked":["Impervious","Barricade"],"picked":"Limit Break"}],"player_experience":56875,"potions_floor_usage":[16,16,24],"damage_taken":[{"damage":13,"enemies":"Blue Slaver","floor":1,"turns":5},{"damage":2,"enemies":"2 Louse","floor":2,"turns":4},{"damage":1,"enemies":"Jaw Worm","floor":3,"turns":3},{"damage":11,"enemies":"Red Slaver","floor":4,"turns":3},{"damage":5,"enemies":"Lots of Slimes","floor":5,"turns":6},{"damage":2,"enemies":"3 Louse","floor":8,"turns":3},{"damage":7,"enemies":"Looter","floor":11,"turns":4},{"damage":16,"enemies":"Exordium Wildlife","floor":13,"turns":7},{"damage":3,"enemies":"Red Slaver","floor":14,"turns":5},{"damage":14,"enemies":"Slime Boss","floor":16,"turns":15},{"damage":9,"enemies":"Shell Parasite","floor":18,"turns":5},{"damage":34,"enemies":"2 Thieves","floor":20,"turns":4},{"damage":19,"enemies":"Snecko","floor":21,"turns":8},{"damage":42,"enemies":"Gremlin Leader","floor":24,"turns":4}],"event_choices":[{"event_name":"Accursed Blacksmith","player_choice":"Rummage","floor":10,"damage_taken":0},{"event_name":"Drug Dealer","player_choice":"Got JAXXED","floor":19,"damage_taken":0}],"boss_relics":[{"not_picked":["Eternal Feather","Velvet Choker"],"picked":"Calling Bell"}],"potions_floor_spawned":[2,5,11,13,14],"seed_played":"-6676609528008649265","killed_by":"Gremlin Leader","ascension_level":0,"is_trial":false}