{"path_per_floor":["M","?","M","?","$","E","R","?","T","R","T","R","M","M","R","B",null,"M","?","M","$","M","R","E","R","T","?","T","M","?","?","R","B",null,"M","$","?","?","M","R","E","R","T","M","$","M","M"],"character_chosen":"IRONCLAD","items_purchased":["Strength Potion","Bottled Lightning","Meat on the Bone"],"gold_per_floor":[111,111,128,128,80,109,109,109,136,136,136,136,152,163,163,259,259,276,276,286,36,49,49,84,84,84,84,138,151,151,51,51,148,148,160,160,160,0,15,15,42,42,342,361,28,38,51],"floor_reached":48,"campfire_rested":2,"playtime":2321,"current_hp_per_floor":[74,74,75,59,59,43,43,49,49,49,49,49,51,53,78,73,86,84,84,79,79,77,77,64,64,71,56,56,52,52,52,52,35,98,88,88,78,78,70,70,20,50,50,21,21,31,38],"items_purged":["Barricade"],"gold":51,"play_id":"0d88f9ed-c237-4790-80a7-b873b054675b","is_prod":false,"is_daily":false,"is_ascension_mode":false,"campfire_upgraded":7,"path_taken":["M","?","M","?","$","E","R","?","T","R","?","R","M","M","R","BOSS","M","?","M","$","M","R","E","R","T","?","?","?","?","?","R","BOSS","M","$","?","?","M","R","E","R","T","M","?","M","M","E"],"build_version":"2018-01-25-PROD3","purchased_purges":3,"victory":false,"master_deck":["Strike_R+1","Strike_R+1","Strike_R+1","Strike_R+1","Strike_R+1","Defend_R+1","Defend_R+1","Limit Break+1","Offering+1","Infernal Blade+1","Inflame+1","Regret","Offering+1","Perfected Strike+1","Headbutt+1","Infernal Blade","Flex","Rupture+1","Rupture+1","Infernal Blade+1","Rupture+1","J.A.X.+1","Limit Break+1","Madness","Madness","Pommel Strike+1","Sword Boomerang+1"],"max_hp_per_floor":[80,80,80,80,80,80,80,86,86,86,86,86,86,86,86,86,86,86,86,86,86,86,86,86,86,93,98,98,98,98,98,98,98,98,98,98,98,98,98,98,101,101,101,101,101,104,107],"relics":["Burning Blood","Darkstone Periapt","Dodecahedron","Whetstone","Anchor","Astrolabe","Bottled Lightning","Bronze Scales","Strawberry","Vajra","Runic Pyramid","Red Mask","Lantern","Old Coin","Meat on the Bone"],"card_choices":[{"not_picked":["Thunderclap","Wild Strike"],"picked":"Offering"},{"not_picked":["Reckless Charge","Blood for Blood"],"picked":"Infernal Blade"},{"not_picked":["Twin Strike","Bludgeon"],"picked":"Inflame"},{"not_picked":["Juggernaut","Berserk"],"picked":"Offering"},{"not_picked":["Sever Soul","Wild Strike"],"picked":"Infernal Blade"},{"not_picked":["Twin Strike","Headbutt"],"picked":"Rupture"},{"not_picked":["Flex","Body Slam"],"picked":"Rupture"},{"not_picked":["Twin Strike","Combust"],"picked":"Infernal Blade"},{"not_picked":["True Grit","Thunderclap"],"picked":"Rupture"},{"not_picked":["Demon Form","Dark Embrace"],"picked":"Limit Break"},{"not_picked":["Reckless Charge","Disarm"],"picked":"Pommel Strike"},{"not_picked":["Combust","Dropkick"],"picked":"Sword Boomerang"}],"player_experience":37323,"potions_floor_usage":[6,47],"damage_taken":[{"damage":12,"enemies":"Jaw Worm","floor":1,"turns":5},{"damage":5,"enemies":"Cultist","floor":3,"turns":3},{"damage":22,"enemies":"Lagavulin","floor":6,"turns":5},{"damage":4,"enemies":"2 Louse","floor":13,"turns":1},{"damage":4,"enemies":"2 Fungi Beasts","floor":14,"turns":2},{"damage":11,"enemies":"Slime Boss","floor":16,"turns":7},{"damage":8,"enemies":"Shell Parasite","floor":18,"turns":2},{"damage":11,"enemies":"Chosen","floor":20,"turns":4},{"damage":8,"enemies":"3 Cultists","floor":22,"turns":1},{"damage":19,"enemies":"Gremlin Leader","floor":24,"turns":2},{"damage":10,"enemies":"Snecko","floor":29,"turns":2},{"damage":23,"enemies":"Champ","floor":33,"turns":4},{"damage":16,"enemies":"3 Shapes","floor":35,"turns":2},{"damage":14,"enemies":"3 Darklings","floor":39,"turns":2},{"damage":59,"enemies":"2 Orb Walkers","floor":41,"turns":5},{"damage":35,"enemies":"4 Shapes","floor":44,"turns":4},{"damage":11,"enemies":"Sphere and 2 Shapes","floor":46,"turns":1},{"damage":14,"enemies":"Maw","floor":47,"turns":4},{"damage":60,"enemies":"Nemesis","floor":48,"turns":3}],"event_choices":[{"event_name":"The Cleric","player_choice":"Leave","floor":2,"damage_taken":0},{"event_name":"Shining Light","player_choice":"Entered Light","floor":4,"damage_taken":0},{"event_name":"Big Fish","player_choice":"Box","floor":8,"damage_taken":0},{"event_name":"The Library","player_choice":"Read","floor":19,"damage_taken":0},{"event_name":"Forgotten Altar","player_choice":"Shed Blood","floor":27,"damage_taken":0},{"event_name":"Back to Basics","player_choice":"Simplicity","floor":30,"damage_taken":0},{"event_name":"Drug Dealer","player_choice":"Got JAXXED","floor":31,"damage_taken":0},{"event_name":"Winding Halls","player_choice":"Embrace Madness","floor":37,"damage_taken":0},{"event_name":"Tomb of Lord Red Mask","player_choice":"Paid","floor":38,"damage_taken":0}],"boss_relics":[{"not_picked":["Runic Dome","Black Star"],"picked":"Astrolabe"},{"not_picked":["Question Card","Black Blood"],"picked":"Runic Pyramid"}],"potions_floor_spawned":[1,13,16,18,20,33,44,47],"seed_played":"-1437367608633091229","killed_by":"Nemesis","ascension_level":0,"is_trial":false}