{"path_per_floor":["M","?","M","?","$","E","M","E","T","R","?","R","M","M","R","B",null,"M","?","M","?","?","R","M","R","T","M","E","M","M","$","R","B",null,"M","M","?","$","M","R","E","R","T","M","$","M","M","M","R"],"character_chosen":"IRONCLAD","items_purchased":["Singing Bowl","Ginger","Thunderclap","Vajra"],"gold_per_floor":[115,190,203,378,146,176,188,221,221,221,251,251,268,286,286,384,384,400,400,411,311,236,236,253,253,253,263,297,309,323,6,6,101,131,150,165,165,22,32,32,58,58,88,99,49,65,82,99,99],"floor_reached":50,"campfire_rested":6,"playtime":1206,"current_hp_per_floor":[75,64,61,61,61,61,63,50,50,75,77,77,72,67,90,79,92,79,94,96,96,96,96,74,74,74,74,44,33,23,23,53,39,109,90,89,89,89,54,87,60,94,94,79,79,76,50,36,72],"items_purged":["Doubt","Strike_R"],"gold":99,"score":556,"play_id":"49991d85-abc5-44ea-9e04-4b5d90c4b29b","is_prod":false,"is_daily":false,"is_ascension_mode":false,"campfire_upgraded":3,"path_taken":["M","?","M","?","$","E","M","E","T","R","?","R","M","M","R","BOSS","M","?","?","?","?","R","M","R","T","M","E","?","M","$","R","BOSS","M","?","?","$","?","R","E","R","T","M","?","M","M","M","R","BOSS"],"build_version":"2018-02-15-PROD1","purchased_purges":2,"victory":false,"master_deck":["Strike_R","Strike_R","Defend_R","Defend_R","Bash","Double Tap+1","Headbutt+1","Clash+1","Thunderclap+1","Iron Wave+1","J.A.X.+1","Heavy Blade+1","Seeing Red","Thunderclap+1","Inflame","Spot Weakness+1","Clash+1"],"max_hp_per_floor":[80,80,80,80,80,80,82,84,84,84,86,86,88,90,90,92,92,94,94,96,96,96,96,98,98,98,98,98,100,102,102,102,104,109,109,111,111,111,113,113,115,115,115,115,115,117,119,121,121],"relics":["Astrolabe","Singing Bowl","Smiling Mask","Mercury Hourglass","Gambling Chip","Odd Mushroom","Velvet Choker","Peace Pipe","Bottled Flame","Ginger","Tiny House","Vajra","Magic Flower","Tiny Chest"],"card_choices":[{"not_picked":["Sword Boomerang","Perfected Strike"],"picked":"Thunderclap"},{"not_picked":["Sword Boomerang","Pommel Strike"],"picked":"Iron Wave"},{"not_picked":["Perfected Strike","Metallicize"],"picked":"Heavy Blade"},{"not_picked":["Reckless Charge","Feed"],"picked":"Seeing Red"},{"not_picked":["Searing Blow","Shrug It Off"],"picked":"Inflame"},{"not_picked":["Shrug It Off","Blood for Blood"],"picked":"Spot Weakness"},{"not_picked":["Sentinel","Pommel Strike"],"picked":"Clash"}],"player_experience":214178,"potions_floor_usage":[30,33,33,39,50,50],"damage_taken":[{"damage":5,"enemies":"2 Louse","floor":1,"turns":2},{"damage":3,"enemies":"Small Slimes","floor":3,"turns":3},{"damage":0,"enemies":"Gremlin Nob","floor":6,"turns":2},{"damage":0,"enemies":"Cultist","floor":7,"turns":2},{"damage":15,"enemies":"3 Sentries","floor":8,"turns":8},{"damage":0,"enemies":"The Mushroom Lair","floor":11,"turns":2},{"damage":7,"enemies":"2 Fungi Beasts","floor":13,"turns":2},{"damage":7,"enemies":"Blue Slaver","floor":14,"turns":2},{"damage":13,"enemies":"Slime Boss","floor":16,"turns":7},{"damage":15,"enemies":"Shell Parasite","floor":18,"turns":3},{"damage":0,"enemies":"Spheric Guardian","floor":20,"turns":3},{"damage":24,"enemies":"Snake Plant","floor":24,"turns":2},{"damage":0,"enemies":"Chosen and Byrds","floor":27,"turns":2},{"damage":30,"enemies":"Gremlin Leader","floor":28,"turns":3},{"damage":13,"enemies":"Snecko","floor":29,"turns":3},{"damage":12,"enemies":"Cultist and Chosen","floor":30,"turns":5},{"damage":25,"enemies":"Automaton","floor":33,"turns":6},{"damage":19,"enemies":"3 Darklings","floor":35,"turns":3},{"damage":3,"enemies":"3 Shapes","floor":36,"turns":2},{"damage":37,"enemies":"Maw","floor":39,"turns":5},{"damage":29,"enemies":"Giant Head","floor":41,"turns":5},{"damage":15,"enemies":"3 Darklings","floor":44,"turns":3},{"damage":5,"enemies":"Sphere and 2 Shapes","floor":46,"turns":3},{"damage":28,"enemies":"Maw","floor":47,"turns":4},{"damage":16,"enemies":"4 Shapes","floor":48,"turns":3},{"damage":98,"enemies":"Awakened One","floor":50,"turns":5}],"event_choices":[{"event_name":"World of Goop","player_choice":"Gather Gold","floor":2,"damage_taken":0},{"event_name":"Liars Game","player_choice":"agreed","floor":4,"damage_taken":0},{"event_name":"Mushrooms","player_choice":"Fought Mushrooms","floor":11,"damage_taken":0},{"event_name":"The Library","player_choice":"Heal","floor":19,"damage_taken":0},{"event_name":"Drug Dealer","player_choice":"Got JAXXED","floor":21,"damage_taken":0},{"event_name":"Beggar","player_choice":"Gave Gold","floor":22,"damage_taken":0},{"event_name":"Tomb of Lord Red Mask","player_choice":"Ignored","floor":37,"damage_taken":0}],"boss_relics":[{"not_picked":["Mark of Pain","Black Star"],"picked":"Velvet Choker"},{"not_picked":["Pandora\u0027s Box","Philosopher\u0027s Stone"],"picked":"Tiny House"}],"potions_floor_spawned":[6,13,14,18,20,24,28,36,41,48],"seed_played":"-2289620754772870931","killed_by":"Awakened One","ascension_level":0,"is_trial":false}