{"path_per_floor":["M","?","?","M","$","R","?","R","T","M","M","R","E","M","R","B",null,"M","?","?","M","?","E","M","R","T","$","M","?","E","$","R","B",null,"M","?","$","?","M","E"],"character_chosen":"IRONCLAD","items_purchased":["Tiny Chest","Toolbox","Lantern","Regal Pillow","Juzu Bracelet"],"gold_per_floor":[119,369,369,383,18,18,18,18,42,59,72,72,103,120,120,216,216,231,231,231,243,243,268,284,284,284,59,71,71,402,152,152,257,257,269,269,123,123,139,168],"floor_reached":41,"campfire_rested":3,"playtime":1064,"current_hp_per_floor":[80,80,73,72,72,76,76,80,80,69,59,63,44,46,74,67,80,60,60,60,48,32,15,2,32,32,32,35,35,20,20,63,67,80,80,80,80,70,60,12],"items_purged":["Defend_R","Defend_R"],"gold":168,"score":458,"play_id":"b33a8dbf-885d-4c10-94df-c2187c6ed063","local_time":"20180302051846","is_prod":false,"is_daily":false,"is_ascension_mode":false,"campfire_upgraded":3,"timestamp":1519960726,"path_taken":["M","?","?","M","$","R","?","R","T","?","M","R","E","M","R","BOSS","M","?","?","M","?","E","M","R","T","$","?","?","E","$","R","BOSS","M","?","$","?","M","E","M"],"build_version":"2018-03-01-PROD1","purchased_purges":2,"victory":false,"master_deck":["Bash+1","Flex+1","Whirlwind+1","Flex","Limit Break","Thunderclap+1","Bite","Bite","Bite","Bite","Bite","Pommel Strike+1","Inflame","Armaments+1","Demon Form","Madness","Madness","Armaments+1"],"max_hp_per_floor":[80,80,80,80,80,80,80,80,80,80,80,80,80,80,80,80,80,80,80,80,80,80,80,80,80,80,80,80,80,80,80,80,80,80,80,80,80,80,80,80],"relics":["Eternal Feather","Tiny Chest","Toolbox","Bag of Marbles","Black Star","Enchiridion","Dream Catcher","Orichalcum","Frozen Eye","Lantern","Sundial","Old Coin","Regal Pillow","Cursed Key","Juzu Bracelet","Omamori","Bronze Scales"],"card_choices":[{"not_picked":["Body Slam","Headbutt"],"picked":"Flex"},{"not_picked":["Metallicize","Havoc"],"picked":"Whirlwind"},{"not_picked":["Headbutt","Sentinel"],"picked":"Flex"},{"not_picked":["Offering","Brutality"],"picked":"Limit Break"},{"not_picked":["Perfected Strike","Rage"],"picked":"Thunderclap"},{"not_picked":["Warcry","Sever Soul"],"picked":"Pommel Strike"},{"not_picked":["Flex","Feed"],"picked":"Inflame"},{"not_picked":["Sword Boomerang","Iron Wave"],"picked":"Armaments"},{"not_picked":["Immolate","Brutality"],"picked":"Demon Form"},{"not_picked":["Juggernaut","Demon Form"],"picked":"Armaments"}],"player_experience":256388,"potions_floor_usage":[16,33,39],"damage_taken":[{"damage":0,"enemies":"Small Slimes","floor":1,"turns":3},{"damage":1,"enemies":"Cultist","floor":4,"turns":3},{"damage":11,"enemies":"Jaw Worm","floor":10,"turns":2},{"damage":10,"enemies":"Looter","floor":11,"turns":2},{"damage":19,"enemies":"3 Sentries","floor":13,"turns":4},{"damage":0,"enemies":"Large Slime","floor":14,"turns":2},{"damage":9,"enemies":"Slime Boss","floor":16,"turns":7},{"damage":20,"enemies":"Shell Parasite","floor":18,"turns":5},{"damage":24,"enemies":"Spheric Guardian","floor":21,"turns":4},{"damage":31,"enemies":"Slavers","floor":23,"turns":4},{"damage":15,"enemies":"Centurion and Healer","floor":24,"turns":2},{"damage":1,"enemies":"3 Cultists","floor":28,"turns":3},{"damage":19,"enemies":"Book of Stabbing","floor":30,"turns":3},{"damage":14,"enemies":"Champ","floor":33,"turns":8},{"damage":0,"enemies":"3 Darklings","floor":35,"turns":1},{"damage":21,"enemies":"3 Shapes","floor":39,"turns":4},{"damage":63,"enemies":"Nemesis","floor":40,"turns":5},{"damage":19,"enemies":"Maw","floor":41,"turns":2}],"event_choices":[{"event_name":"Golden Shrine","player_choice":"Desecrate","floor":2,"damage_taken":0},{"event_name":"Golden Wing","player_choice":"Card Removal","floor":3,"damage_taken":0},{"event_name":"Bonfire Elementals","player_choice":"BASIC","floor":7,"damage_taken":0},{"event_name":"Purifier","player_choice":"One Purge","floor":19,"damage_taken":0},{"event_name":"Vampires","player_choice":"Became a vampire (Vial)","floor":20,"damage_taken":0},{"event_name":"Cursed Tome","player_choice":"Obtained Book","floor":22,"damage_taken":0},{"event_name":"Drug Dealer","player_choice":"Ignored","floor":29,"damage_taken":0},{"event_name":"Tomb of Lord Red Mask","player_choice":"Ignored","floor":36,"damage_taken":0},{"event_name":"Winding Halls","player_choice":"Embrace Madness","floor":38,"damage_taken":0}],"boss_relics":[{"not_picked":["Philosopher\u0027s Stone","Mark of Pain"],"picked":"Black Star"},{"not_picked":["Runic Pyramid","Pandora\u0027s Box"],"picked":"Cursed Key"}],"potions_floor_spawned":[4,13,14,21,23,28,35,40],"seed_played":"-8410953845498936398","killed_by":"Maw","ascension_level":0,"is_trial":false}