{"path_per_floor":["M","?","?","$","?","E","M","M","T","M","M","R","M","M","R","B",null,"M","?","M","?","M","R","M","R","T","M","M","$","?","$","R","B",null,"M","$","?","T","?","R","?","R","T","R","M","?","?","?","R","B"],"character_chosen":"IRONCLAD","items_purchased":["Matryoshka","Whetstone"],"gold_per_floor":[112,287,287,31,31,60,76,90,90,107,119,119,139,150,150,255,255,270,270,282,282,295,295,305,305,351,371,381,306,206,62,62,166,166,179,79,79,104,104,104,0,0,0,0,11,64,164,164,164,164],"floor_reached":51,"campfire_rested":3,"playtime":1464,"current_hp_per_floor":[73,73,73,73,48,18,13,10,10,6,6,30,30,27,51,19,80,77,62,59,59,54,54,51,51,51,33,30,30,30,30,55,31,85,79,79,79,79,68,76,76,84,84,85,81,63,63,63,71,36],"items_purged":["Strike_R","Strike_R"],"gold":164,"score":520,"play_id":"2fbb4ae2-4897-4506-9200-d23bd7fca06c","is_prod":false,"is_daily":false,"is_ascension_mode":false,"campfire_upgraded":3,"path_taken":["M","?","?","$","?","E","?","M","T","M","M","R","M","M","R","BOSS","M","?","M","?","?","R","M","R","T","M","M","$","?","$","R","BOSS","M","$","?","?","?","R","?","R","T","R","M","?","?","?","R","BOSS"],"build_version":"2018-02-22-PROD2","purchased_purges":2,"victory":true,"master_deck":["Strike_R","Strike_R","Strike_R","Bash","Bloodletting+1","Blood for Blood+1","Thunderclap+1","Inflame+1","Clash+1","Thunderclap","Clash+1","Pummel","Pummel","Rage","Pommel Strike+1","J.A.X.+1","Offering+1","Cleave+1","Madness","Madness","Shrug It Off+1","Corruption+1","Offering+1"],"max_hp_per_floor":[80,80,80,80,80,80,80,80,80,80,80,80,80,80,80,80,80,80,85,85,85,85,85,85,85,85,85,85,85,85,85,85,85,85,85,85,85,85,85,85,85,85,85,85,85,85,85,85,85,85],"relics":["Astrolabe","Matryoshka","Orichalcum","Kunai","Pen Nib","Girya","Orrery","Prayer Wheel","Juzu Bracelet","Whetstone","Eternal Feather","Omamori","Red Mask","Calipers","Dead Branch"],"card_choices":[{"not_picked":["Clothesline","Clash"],"picked":"Inflame"},{"not_picked":["Body Slam","Perfected Strike"],"picked":"Flex"},{"not_picked":["Warcry","Sever Soul"],"picked":"Clash"},{"not_picked":["Clothesline","Juggernaut"],"picked":"Thunderclap"},{"not_picked":["Entrench","Evolve"],"picked":"Clash"},{"not_picked":["Power Through","Armaments"],"picked":"Pummel"},{"not_picked":["Bloodletting","Cleave"],"picked":"Pummel"},{"not_picked":["Blood for Blood","Ghostly Armor"],"picked":"Rage"},{"not_picked":["Wild Strike","Body Slam"],"picked":"Pommel Strike"},{"not_picked":["Double Tap","Juggernaut"],"picked":"Offering"},{"not_picked":["Burning Pact","Evolve"],"picked":"Cleave"},{"not_picked":["Hemokinesis","Dropkick"],"picked":"Shrug It Off"},{"not_picked":["Headbutt","Second Wind"],"picked":"Corruption"}],"player_experience":234502,"potions_floor_usage":[18,18,18,20,35,46,50,50,50],"damage_taken":[{"damage":7,"enemies":"2 Louse","floor":1,"turns":2},{"damage":30,"enemies":"Lagavulin","floor":6,"turns":4},{"damage":5,"enemies":"Jaw Worm","floor":7,"turns":2},{"damage":3,"enemies":"Cultist","floor":8,"turns":3},{"damage":4,"enemies":"Looter","floor":10,"turns":2},{"damage":0,"enemies":"3 Louse","floor":11,"turns":2},{"damage":0,"enemies":"2 Fungi Beasts","floor":13,"turns":2},{"damage":3,"enemies":"Large Slime","floor":14,"turns":3},{"damage":32,"enemies":"Hexaghost","floor":16,"turns":6},{"damage":3,"enemies":"Chosen","floor":18,"turns":3},{"damage":3,"enemies":"3 Byrds","floor":20,"turns":4},{"damage":5,"enemies":"Centurion and Healer","floor":22,"turns":3},{"damage":3,"enemies":"3 Cultists","floor":24,"turns":3},{"damage":18,"enemies":"Snake Plant","floor":27,"turns":2},{"damage":3,"enemies":"Snecko","floor":28,"turns":2},{"damage":24,"enemies":"Champ","floor":33,"turns":6},{"damage":6,"enemies":"3 Darklings","floor":35,"turns":2},{"damage":4,"enemies":"Orb Walker","floor":45,"turns":2},{"damage":18,"enemies":"Mysterious Sphere","floor":46,"turns":3},{"damage":35,"enemies":"Awakened One","floor":50,"turns":4}],"event_choices":[{"event_name":"Liars Game","player_choice":"agreed","floor":2,"damage_taken":0},{"event_name":"Living Wall","player_choice":"Forget","floor":3,"damage_taken":0},{"event_name":"Scrap Ooze","player_choice":"success","floor":5,"damage_taken":25},{"event_name":"Forgotten Altar","player_choice":"Shed Blood","floor":19,"damage_taken":0},{"event_name":"Back to Basics","player_choice":"Elegance","floor":21,"damage_taken":0},{"event_name":"Drug Dealer","player_choice":"Got JAXXED","floor":30,"damage_taken":0},{"event_name":"Winding Halls","player_choice":"Embrace Madness","floor":39,"damage_taken":0},{"event_name":"Tomb of Lord Red Mask","player_choice":"Paid","floor":41,"damage_taken":0},{"event_name":"Mysterious Sphere","player_choice":"Fight","floor":46,"damage_taken":0},{"event_name":"Golden Shrine","player_choice":"Pray","floor":47,"damage_taken":0},{"event_name":"Duplicator","player_choice":"One dupe","floor":48,"damage_taken":0}],"boss_relics":[{"not_picked":["Philosopher\u0027s Stone","White Beast Statue"],"picked":"Orrery"},{"not_picked":["Runic Cube","Calling Bell"],"picked":"Eternal Feather"}],"potions_floor_spawned":[6,13,14,18,20,24,33,45,46],"seed_played":"-4136396702695454197","ascension_level":0,"is_trial":false}