{"path_per_floor":["M","?","$","M","M","R","E","R","T","R","M","?","M","M","R","B",null,"M","?","?","?","M","E","M","R","T","M","M","M","$"],"character_chosen":"IRONCLAD","items_purchased":["Thunderclap","Matryoshka"],"gold_per_floor":[119,119,20,39,53,53,80,80,80,80,98,63,77,90,90,191,191,201,201,201,201,213,240,256,256,280,292,302,319,80],"floor_reached":31,"campfire_rested":0,"playtime":715,"current_hp_per_floor":[77,77,77,78,80,80,50,50,50,50,35,55,76,72,72,29,80,65,50,50,50,54,38,35,35,35,39,33,18,18],"items_purged":["Regret"],"gold":80,"score":285,"play_id":"78e4ade9-95e5-4561-8043-ebd7bbf55770","local_time":"20180312095131","is_prod":false,"is_daily":false,"is_ascension_mode":false,"campfire_upgraded":2,"timestamp":1520841091,"path_taken":["M","?","$","M","?","R","E","R","T","R","?","?","M","M","R","BOSS","M","?","?","?","M","E","M","R","T","M","M","?","?","M"],"build_version":"2018-03-09","purchased_purges":1,"victory":false,"master_deck":["Defend_R","Defend_R","Defend_R","Defend_R","Bash+1","Sword Boomerang","Thunderclap","Pommel Strike","Whirlwind+1","Reaper","Limit Break","Spot Weakness+1","Bite","Bite","Bite","Bite","Bite","Reaper"],"max_hp_per_floor":[80,80,80,80,80,80,80,80,80,80,80,80,80,80,80,80,80,80,85,85,59,59,59,59,59,59,61,63,63,63],"relics":["Black Blood","Art of War","Paper Frog","Whetstone","Girya","Self Forming Clay","Singing Bowl","Matryoshka"],"card_choices":[{"not_picked":["True Grit","Clash"],"picked":"Sword Boomerang"},{"not_picked":["Shockwave","Rampage"],"picked":"Pommel Strike"},{"not_picked":["Wild Strike","Iron Wave"],"picked":"Whirlwind"},{"not_picked":["True Grit","Heavy Blade"],"picked":"Reaper"},{"not_picked":["Impervious","Juggernaut"],"picked":"Limit Break"},{"not_picked":["Armaments","Heavy Blade"],"picked":"Spot Weakness"},{"not_picked":["Uppercut","Fire Breathing"],"picked":"Reaper"}],"player_experience":308580,"potions_floor_usage":[11,23,24,29,31],"damage_taken":[{"damage":9,"enemies":"Jaw Worm","floor":1,"turns":4},{"damage":5,"enemies":"2 Louse","floor":4,"turns":2},{"damage":0,"enemies":"Small Slimes","floor":5,"turns":2},{"damage":36,"enemies":"Lagavulin","floor":7,"turns":5},{"damage":21,"enemies":"Exordium Thugs","floor":11,"turns":3},{"damage":10,"enemies":"Gremlin Gang","floor":13,"turns":3},{"damage":10,"enemies":"Looter","floor":14,"turns":2},{"damage":49,"enemies":"The Guardian","floor":16,"turns":7},{"damage":25,"enemies":"Chosen","floor":18,"turns":4},{"damage":10,"enemies":"Spheric Guardian","floor":22,"turns":3},{"damage":51,"enemies":"Book of Stabbing","floor":23,"turns":4},{"damage":33,"enemies":"Snake Plant","floor":24,"turns":4},{"damage":12,"enemies":"Snecko","floor":27,"turns":4},{"damage":26,"enemies":"Centurion and Healer","floor":28,"turns":5},{"damage":36,"enemies":"Slaver and Parasite","floor":29,"turns":5},{"damage":37,"enemies":"Snake Plant","floor":31,"turns":4}],"event_choices":[{"event_name":"Big Fish","player_choice":"Box","floor":2,"damage_taken":0},{"event_name":"The Cleric","player_choice":"Healed","floor":12,"damage_taken":0},{"event_name":"Forgotten Altar","player_choice":"Shed Blood","floor":19,"damage_taken":0},{"event_name":"The Lab","player_choice":"Got Potions","floor":20,"damage_taken":0},{"event_name":"Vampires","player_choice":"Became a vampire","floor":21,"damage_taken":0}],"boss_relics":[{"not_picked":["Tiny House","Eternal Feather"],"picked":"Black Blood"}],"potions_floor_spawned":[7,11,14,16,24,27,28],"seed_played":"8375629263852661949","killed_by":"Snake Plant","ascension_level":0,"is_trial":false}