{"path_per_floor":["M","?","?","M","M","E","$","E","T","$","R","M","M","M","R","B",null,"M","?","?","T","?","R","?","M","T","M","M","$","?","M","R"],"character_chosen":"IRONCLAD","items_purchased":["Whirlwind","Regen Potion","Whetstone","Anchor","Fiend Fire"],"gold_per_floor":[115,195,195,212,228,262,101,129,180,80,80,91,107,124,124,219,219,233,233,483,483,483,483,398,414,440,453,470,19,19,33,33],"floor_reached":33,"campfire_rested":0,"playtime":779,"current_hp_per_floor":[80,80,80,80,80,37,37,27,27,27,27,33,41,49,49,21,80,66,66,66,66,66,66,66,69,69,67,42,42,42,50,50],"items_purged":["Defend_R","Defend_R"],"gold":33,"score":257,"play_id":"fa203e59-85b5-448c-9360-f4fdaf6fa6bb","local_time":"20180312143127","is_prod":false,"is_daily":false,"is_ascension_mode":false,"campfire_upgraded":4,"timestamp":1520857887,"path_taken":["M","?","?","M","?","E","$","E","T","?","R","M","M","M","R","BOSS","M","?","?","?","?","R","?","M","T","M","M","$","?","M","R","BOSS"],"build_version":"2018-03-09","purchased_purges":2,"victory":false,"master_deck":["Strike_R+1","Strike_R","Strike_R+1","Strike_R","Defend_R+1","Defend_R+1","Bash","Immolate","Regret","Thunderclap","Flex+1","Whirlwind+1","Evolve","Flame Barrier","Berserk","Fiend Fire+1","Sentinel+1","Decay","Regret","Spot Weakness","Sentinel","Bloodletting+1","Fiend Fire+1"],"max_hp_per_floor":[80,80,80,80,80,80,80,80,80,80,80,80,80,80,80,80,80,80,80,80,80,80,80,80,80,80,80,80,80,80,80,80],"relics":["Burning Blood","NeowsBlessing","Bag of Marbles","Blood Vial","Ginger","War Paint","Velvet Choker","Darkstone Periapt","Bird Faced Urn","Bag of Preparation","Whetstone","Anchor"],"card_choices":[{"not_picked":["Armaments","Iron Wave"],"picked":"Immolate"},{"not_picked":["Anger","Wild Strike"],"picked":"Thunderclap"},{"not_picked":["Pommel Strike","Shrug It Off"],"picked":"Flex"},{"not_picked":["Shockwave","Headbutt"],"picked":"Evolve"},{"not_picked":["True Grit","Body Slam"],"picked":"Flame Barrier"},{"not_picked":["Havoc","Clothesline"],"picked":"Berserk"},{"not_picked":["Dark Embrace","Bludgeon"],"picked":"Fiend Fire"},{"not_picked":["Twin Strike","Rage"],"picked":"Sentinel"},{"not_picked":["Pommel Strike","Blood for Blood"],"picked":"Spot Weakness"},{"not_picked":["Rage","Havoc"],"picked":"Sentinel"},{"not_picked":["Anger","Wild Strike"],"picked":"Bloodletting"}],"player_experience":310659,"potions_floor_usage":[8,13,16,33,33,33],"damage_taken":[{"damage":0,"enemies":"Jaw Worm","floor":1,"turns":1},{"damage":0,"enemies":"2 Louse","floor":4,"turns":1},{"damage":0,"enemies":"Small Slimes","floor":5,"turns":2},{"damage":49,"enemies":"Lagavulin","floor":6,"turns":6},{"damage":18,"enemies":"3 Sentries","floor":8,"turns":5},{"damage":2,"enemies":"Looter","floor":12,"turns":2},{"damage":0,"enemies":"3 Louse","floor":13,"turns":1},{"damage":0,"enemies":"Large Slime","floor":14,"turns":4},{"damage":36,"enemies":"Slime Boss","floor":16,"turns":9},{"damage":20,"enemies":"2 Thieves","floor":18,"turns":2},{"damage":9,"enemies":"3 Byrds","floor":25,"turns":3},{"damage":14,"enemies":"Centurion and Healer","floor":27,"turns":4},{"damage":37,"enemies":"Sentry and Sphere","floor":28,"turns":5},{"damage":0,"enemies":"Snake Plant","floor":31,"turns":1},{"damage":107,"enemies":"Automaton","floor":33,"turns":6}],"event_choices":[{"event_name":"Golden Wing","player_choice":"Gained Gold","floor":2,"damage_taken":0},{"event_name":"Big Fish","player_choice":"Box","floor":3,"damage_taken":0},{"event_name":"Forgotten Altar","player_choice":"Smashed Altar","floor":19,"damage_taken":0},{"event_name":"Golden Shrine","player_choice":"Desecrate","floor":20,"damage_taken":0},{"event_name":"Purifier","player_choice":"One Purge","floor":22,"damage_taken":0},{"event_name":"Addict","player_choice":"Obtained Relic","floor":24,"damage_taken":0},{"event_name":"Drug Dealer","player_choice":"Ignored","floor":30,"damage_taken":0}],"boss_relics":[{"not_picked":["Sozu","Eternal Feather"],"picked":"Velvet Choker"}],"potions_floor_spawned":[4,6,12,13,31],"seed_played":"1482352169527956237","killed_by":"Automaton","ascension_level":0,"is_trial":false}