{"path_per_floor":["M","M","$","?","?","R","E","M","T","R","$","M","M","M","R","B",null,"M","?","M","$","?","R","M","M","T","M","M","R","M","E","R","B",null,"M","$","?","M","M","R","M","M","T","$","M","?","M","$","R","B"],"character_chosen":"IRONCLAD","items_purchased":["Gremlin Horn","Shovel","Mummified Hand","Corruption","Impervious","Flex","Sadistic Nature","Dexterity Potion","Ancient Potion","Strength Potion","Dramatic Entrance","Bird Faced Urn","Toolbox","Strawberry","Apotheosis","Deep Breath","Shrug It Off","Armaments","Mercury Hourglass","Molten Egg 2","Whetstone","Burning Pact","Shuriken","Bottled Lightning","Dream Catcher","Thinking Ahead","Swift Potion","Omamori","Champion Belt","Ginger","Limit Break","Jack Of All Trades","Sadistic Nature","Swift Potion","Corruption","Calipers","Bag of Preparation","Darkstone Periapt","Master of Strategy","Flex","Rage","Evolve","Thunderclap","Trip","Regen Potion"],"gold_per_floor":[100011,100024,98481,98431,98431,98431,98460,98477,98477,98477,97325,97342,97355,97373,97373,97469,97469,97469,97469,97469,96644,96559,96559,96559,96559,96559,96559,96559,96559,96559,96559,96559,96559,96559,96559,95495,95495,95495,95495,95495,95495,95495,95495,94050,94050,94050,94050,92568,92568,92568],"floor_reached":51,"campfire_rested":0,"playtime":2370,"current_hp_per_floor":[80,72,72,72,65,65,33,23,23,37,44,48,52,58,58,62,101,99,99,90,90,100,100,104,110,110,107,106,106,85,88,88,88,111,111,111,98,100,99,99,91,95,95,95,105,105,111,111,111,107],"items_purged":["Strike_R","Strike_R","Normality","Decay","Doubt","Injury"],"gold":92568,"score":626,"play_id":"a16eedd4-3652-44ef-a2f0-a8bc3fee045f","local_time":"20180307075931","is_prod":false,"is_daily":false,"is_ascension_mode":false,"campfire_upgraded":0,"timestamp":1520402371,"path_taken":["M","?","$","?","?","R","E","M","T","R","$","?","M","M","R","BOSS","M","?","?","$","?","R","M","M","T","M","M","R","M","E","R","BOSS","M","$","?","M","M","R","M","M","T","$","M","?","M","$","R","BOSS"],"build_version":"2018-03-01-PROD1","purchased_purges":6,"victory":true,"master_deck":["Strike_R","Defend_R","Defend_R","Defend_R","Defend_R","Entrench","Flame Barrier","Corruption","Impervious","Flex","Sadistic Nature","Dramatic Entrance","Apotheosis+1","Deep Breath+1","Shrug It Off+1","Armaments+1","Disarm+1","Infernal Blade+1","Body Slam+1","Brutality","Infernal Blade+1","Burning Pact+1","Feel No Pain","Flex+1","Havoc+1","Sentinel+1","Barricade","Bloodletting+1","Immolate+1","Thinking Ahead+1","Dual Wield+1","Body Slam+1","Whirlwind+1","Limit Break+1","Jack Of All Trades+1","Sadistic Nature","Corruption","Combust+1","Feel No Pain+1","Master of Strategy+1","Flex+1","Rage+1","Evolve","Thunderclap+1","Trip+1"],"max_hp_per_floor":[80,80,80,80,80,80,80,80,80,94,101,101,101,101,101,101,101,101,101,101,101,111,111,111,111,111,111,111,111,111,111,111,111,111,111,111,111,111,111,111,111,111,111,111,111,111,111,111,111,111],"relics":["Cursed Key","Gremlin Horn","Shovel","Mummified Hand","Matryoshka","Toxic Egg 2","Bag of Marbles","Girya","Mango","Bird Faced Urn","Toolbox","Strawberry","Pen Nib","Ectoplasm","Oddly Smooth Stone","Mercury Hourglass","Molten Egg 2","Whetstone","Pear","Red Skull","Regal Pillow","Tiny Chest","Paper Frog","Juzu Bracelet","Anchor","Question Card","Shuriken","Bottled Lightning","Dream Catcher","Gambling Chip","Bottled Flame","Magic Flower","Omamori","Champion Belt","Ginger","Calipers","Bag of Preparation","Darkstone Periapt","Dodecahedron"],"card_choices":[{"not_picked":["Headbutt","Thunderclap"],"picked":"Entrench"},{"not_picked":["Anger","Sever Soul"],"picked":"Flame Barrier"},{"not_picked":["Sword Boomerang","Burning Pact"],"picked":"Disarm"},{"not_picked":["Entrench","Immolate"],"picked":"Infernal Blade"},{"not_picked":["Shrug It Off","Clash"],"picked":"Body Slam"},{"not_picked":["Juggernaut","Feed"],"picked":"Brutality"},{"not_picked":["Clash","Shrug It Off"],"picked":"Infernal Blade"},{"not_picked":["Headbutt","Thunderclap"],"picked":"Feel No Pain"},{"not_picked":["Clash","Havoc"],"picked":"Flex"},{"not_picked":["Twin Strike","Hemokinesis"],"picked":"Havoc"},{"not_picked":["Infernal Blade","Armaments"],"picked":"Sentinel"},{"not_picked":["Warcry","Flex"],"picked":"Barricade"},{"not_picked":["Blood for Blood","Rupture"],"picked":"Bloodletting"},{"not_picked":["Reaper","Brutality"],"picked":"Immolate"},{"not_picked":["Entrench","Twin Strike","Bloodletting"],"picked":"Dual Wield"},{"not_picked":["True Grit","Ghostly Armor","Twin Strike"],"picked":"Body Slam"},{"not_picked":["Wild Strike","Sword Boomerang","Iron Wave"],"picked":"Whirlwind"},{"not_picked":["Iron Wave","Twin Strike","Armaments"],"picked":"Combust"},{"not_picked":["Wild Strike","Feed","Heavy Blade"],"picked":"Feel No Pain"}],"player_experience":280381,"potions_floor_usage":[16,31,47,50],"damage_taken":[{"damage":0,"enemies":"Cultist","floor":1,"turns":2},{"damage":8,"enemies":"Jaw Worm","floor":2,"turns":3},{"damage":32,"enemies":"Gremlin Nob","floor":7,"turns":6},{"damage":10,"enemies":"Small Slimes","floor":8,"turns":3},{"damage":0,"enemies":"Exordium Wildlife","floor":12,"turns":3},{"damage":0,"enemies":"Large Slime","floor":13,"turns":8},{"damage":0,"enemies":"Red Slaver","floor":14,"turns":4},{"damage":0,"enemies":"Slime Boss","floor":16,"turns":7},{"damage":4,"enemies":"3 Byrds","floor":18,"turns":3},{"damage":15,"enemies":"Spheric Guardian","floor":20,"turns":6},{"damage":2,"enemies":"Snake Plant","floor":24,"turns":5},{"damage":2,"enemies":"Centurion and Healer","floor":25,"turns":5},{"damage":4,"enemies":"Snecko","floor":27,"turns":5},{"damage":3,"enemies":"Cultist and Chosen","floor":28,"turns":4},{"damage":26,"enemies":"Sentry and Sphere","floor":30,"turns":7},{"damage":1,"enemies":"Slavers","floor":31,"turns":2},{"damage":10,"enemies":"Champ","floor":33,"turns":7},{"damage":3,"enemies":"3 Shapes","floor":35,"turns":5},{"damage":20,"enemies":"Mysterious Sphere","floor":37,"turns":5},{"damage":4,"enemies":"Orb Walker","floor":38,"turns":2},{"damage":3,"enemies":"3 Darklings","floor":39,"turns":2},{"damage":14,"enemies":"4 Shapes","floor":41,"turns":3},{"damage":6,"enemies":"Maw","floor":42,"turns":4},{"damage":5,"enemies":"Sphere and 2 Shapes","floor":45,"turns":3},{"damage":0,"enemies":"3 Darklings","floor":47,"turns":2},{"damage":13,"enemies":"Time Eater","floor":50,"turns":6}],"event_choices":[{"event_name":"The Cleric","player_choice":"Card Removal","floor":4,"damage_taken":0},{"event_name":"Golden Wing","player_choice":"Card Removal","floor":5,"damage_taken":0},{"event_name":"Accursed Blacksmith","player_choice":"Rummage","floor":19,"damage_taken":0},{"event_name":"Addict","player_choice":"Obtained Relic","floor":22,"damage_taken":0},{"event_name":"Mysterious Sphere","player_choice":"Fight","floor":37,"damage_taken":0}],"boss_relics":[{"not_picked":["Eternal Feather","Calling Bell"],"picked":"Ectoplasm"},{"not_picked":["Runic Cube","White Beast Statue"],"picked":"Question Card"}],"potions_floor_spawned":[8,14,16,18,25,30,33,35,39,41,42],"seed_played":"4090595119241136232","ascension_level":0,"is_trial":false}