{"path_per_floor":["M","?","T","?","M","R","E","R","T","M","M","?","R","M","R","B",null,"M","?","$","?","M","R","?","R","T","$","?","M","?","?","R","B",null,"M","$","?","?","?","E","R","E","T","M","M","?","$","?","R","B"],"character_chosen":"IRONCLAD","items_purchased":["Regal Pillow","Whirlwind","Vajra"],"gold_per_floor":[119,119,143,143,163,163,204,204,280,300,314,314,314,337,337,460,460,480,380,159,159,177,177,177,177,201,26,26,45,45,45,45,141,141,155,30,0,48,148,174,174,238,238,252,270,270,121,121,121,121],"floor_reached":51,"campfire_rested":2,"playtime":1293,"current_hp_per_floor":[79,79,79,59,61,61,31,31,31,39,34,34,34,43,67,7,80,31,31,31,31,38,38,38,77,77,77,61,59,59,59,59,80,80,71,71,71,77,80,63,63,80,80,80,80,80,80,70,70,41],"items_purged":["Normality","Decay","Fire Breathing"],"gold":121,"score":748,"play_id":"3f88f351-2c20-47c1-bf8c-ea130d2cd6cf","local_time":"20180323022457","is_prod":false,"is_daily":false,"is_ascension_mode":false,"campfire_upgraded":5,"timestamp":1521764697,"path_taken":["M","?","?","?","M","R","E","R","T","M","M","?","R","M","R","BOSS","M","?","$","?","M","R","?","R","T","$","?","M","?","?","R","BOSS","M","$","?","?","?","E","R","E","T","M","M","?","$","?","R","BOSS"],"build_version":"2018-03-15v3","purchased_purges":3,"victory":true,"master_deck":["Bash+1","Flex+1","Reaper+1","Berserk+1","Offering+1","Exhume+1","Dual Wield+1","J.A.X.+1","Pummel+1","Bite+1","Bite+1","Bite+1","Bite+1","Bite+1","Whirlwind+1","Exhume","Flex+1","Madness","Madness"],"max_hp_per_floor":[80,80,80,80,80,80,80,80,80,80,80,80,80,80,80,80,80,80,80,80,80,80,80,80,80,80,80,80,80,80,80,80,80,80,80,80,80,80,80,80,80,80,80,80,80,80,80,80,80,80],"relics":["Burning Blood","Juzu Bracelet","War Paint","Bloody Idol","Bag of Marbles","Molten Egg 2","Astrolabe","Regal Pillow","Dream Catcher","Enchiridion","Black Star","Red Mask","Shovel","Gremlin Horn","Mummified Hand","Prayer Wheel","Anchor","Tiny Chest","Bird Faced Urn","Vajra","Ornamental Fan"],"card_choices":[{"not_picked":["Cleave","Shrug It Off"],"picked":"Flex"},{"not_picked":["Iron Wave","Clothesline"],"picked":"Reaper"},{"not_picked":["Berserk","Barricade"],"picked":"Offering"},{"not_picked":["True Grit","Disarm"],"picked":"Pummel"},{"not_picked":["Fiend Fire","Dark Embrace"],"picked":"Exhume"},{"not_picked":["Cleave","Sword Boomerang"],"picked":"Flex"}],"player_experience":341343,"potions_floor_usage":[7,14,22,33,40,40,50],"damage_taken":[{"damage":7,"enemies":"2 Louse","floor":1,"turns":3},{"damage":6,"enemies":"Cultist","floor":5,"turns":3},{"damage":50,"enemies":"Lagavulin","floor":7,"turns":7},{"damage":0,"enemies":"Jaw Worm","floor":10,"turns":3},{"damage":18,"enemies":"Lots of Slimes","floor":11,"turns":4},{"damage":14,"enemies":"Exordium Wildlife","floor":14,"turns":3},{"damage":75,"enemies":"The Guardian","floor":16,"turns":11},{"damage":62,"enemies":"Shell Parasite","floor":18,"turns":7},{"damage":15,"enemies":"Spheric Guardian","floor":22,"turns":3},{"damage":20,"enemies":"Cultist and Chosen","floor":29,"turns":3},{"damage":23,"enemies":"Collector","floor":33,"turns":5},{"damage":53,"enemies":"3 Shapes","floor":35,"turns":3},{"damage":41,"enemies":"Mysterious Sphere","floor":38,"turns":3},{"damage":31,"enemies":"2 Orb Walkers","floor":40,"turns":2},{"damage":19,"enemies":"Giant Head","floor":42,"turns":3},{"damage":10,"enemies":"Orb Walker","floor":44,"turns":1},{"damage":15,"enemies":"3 Darklings","floor":45,"turns":1},{"damage":47,"enemies":"Donu and Deca","floor":50,"turns":3}],"event_choices":[{"event_name":"Accursed Blacksmith","player_choice":"Rummage","floor":2,"damage_taken":0},{"event_name":"Golden Idol","player_choice":"Take Damage","floor":4,"damage_taken":0},{"event_name":"Match and Keep!","player_choice":"1 cards matched","floor":12,"damage_taken":0},{"event_name":"Drug Dealer","player_choice":"Got JAXXED","floor":19,"damage_taken":0},{"event_name":"Wheel of Change","player_choice":"Curse","floor":21,"damage_taken":0},{"event_name":"Vampires","player_choice":"Became a vampire (Vial)","floor":24,"damage_taken":0},{"event_name":"Cursed Tome","player_choice":"Obtained Book","floor":28,"damage_taken":0},{"event_name":"Back to Basics","player_choice":"Elegance","floor":30,"damage_taken":0},{"event_name":"Forgotten Altar","player_choice":"Gave Idol","floor":31,"damage_taken":0},{"event_name":"Tomb of Lord Red Mask","player_choice":"Paid","floor":37,"damage_taken":0},{"event_name":"Mysterious Sphere","player_choice":"Fight","floor":38,"damage_taken":0},{"event_name":"Golden Shrine","player_choice":"Pray","floor":39,"damage_taken":0},{"event_name":"Bonfire Elementals","player_choice":"BASIC","floor":46,"damage_taken":0},{"event_name":"Winding Halls","player_choice":"Embrace Madness","floor":48,"damage_taken":0}],"boss_relics":[{"not_picked":["Black Blood","Mark of Pain"],"picked":"Astrolabe"},{"not_picked":["Snecko Eye","Runic Pyramid"],"picked":"Black Star"}],"potions_floor_spawned":[1,7,16,22,33,35,38],"seed_played":"3033457510352158099","ascension_level":0,"is_trial":false}