{"path_per_floor":["M","?","$","T","M","M","M","R","T","?","M","M","$","T","R","B",null,"M","?","?","M","M","R","M","R","T","M","?","$","R","?","R"],"character_chosen":"IRONCLAD","items_purchased":["Flash of Steel","Meat on the Bone"],"gold_per_floor":[112,112,22,322,339,356,368,368,368,423,441,453,138,138,138,242,242,253,253,253,271,281,281,294,294,294,311,311,211,211,136,136],"floor_reached":33,"campfire_rested":1,"playtime":672,"current_hp_per_floor":[80,64,64,64,62,62,48,72,72,50,34,27,27,27,27,44,80,77,77,77,73,64,64,57,57,57,49,49,49,49,49,49],"items_purged":["Defend_R","Defend_R"],"gold":136,"score":237,"play_id":"5e1d70eb-a0ea-4be8-9cb4-272521ed7d51","local_time":"20180314135715","is_prod":false,"is_daily":false,"is_ascension_mode":false,"campfire_upgraded":1,"timestamp":1521028635,"path_taken":["M","?","?","?","?","M","M","R","T","?","M","?","$","?","R","BOSS","M","?","?","M","M","R","M","R","T","M","?","?","R","?","R","BOSS"],"build_version":"2018-03-09","purchased_purges":2,"victory":false,"master_deck":["Bash","Flash of Steel+1","Clash"],"max_hp_per_floor":[80,80,80,80,80,80,80,80,80,80,80,80,80,80,80,80,80,80,80,80,80,80,80,80,80,80,80,80,80,80,80,80],"relics":["Burning Blood","Old Coin","Peace Pipe","Gremlin Horn","Meat on the Bone","War Paint","Runic Dome","Juzu Bracelet"],"card_choices":[{"not_picked":["Wild Strike","Clothesline"],"picked":"Clash"}],"player_experience":323490,"potions_floor_usage":[7,16,33,33,33],"damage_taken":[{"damage":0,"enemies":"Small Slimes","floor":1,"turns":3},{"damage":8,"enemies":"Jaw Worm","floor":5,"turns":3},{"damage":6,"enemies":"Cultist","floor":6,"turns":3},{"damage":20,"enemies":"Exordium Thugs","floor":7,"turns":4},{"damage":28,"enemies":"Gremlin Nob","floor":10,"turns":4},{"damage":22,"enemies":"Exordium Wildlife","floor":11,"turns":3},{"damage":13,"enemies":"Red Slaver","floor":12,"turns":2},{"damage":1,"enemies":"Slime Boss","floor":16,"turns":7},{"damage":9,"enemies":"3 Byrds","floor":18,"turns":4},{"damage":10,"enemies":"Chosen","floor":21,"turns":3},{"damage":15,"enemies":"Snecko","floor":22,"turns":3},{"damage":13,"enemies":"Snake Plant","floor":24,"turns":2},{"damage":14,"enemies":"Centurion and Healer","floor":27,"turns":4},{"damage":97,"enemies":"Automaton","floor":33,"turns":6}],"event_choices":[{"event_name":"Shining Light","player_choice":"Entered Light","floor":2,"damage_taken":0},{"event_name":"Dead Adventurer","player_choice":"Searched \u00271\u0027 times","floor":10,"damage_taken":0},{"event_name":"The Lab","player_choice":"Got Potions","floor":19,"damage_taken":0},{"event_name":"Back to Basics","player_choice":"Elegance","floor":20,"damage_taken":0},{"event_name":"Vampires","player_choice":"Ignored","floor":28,"damage_taken":0},{"event_name":"Beggar","player_choice":"Gave Gold","floor":31,"damage_taken":0}],"boss_relics":[{"not_picked":["Orrery","Sozu"],"picked":"Runic Dome"}],"potions_floor_spawned":[5,6,7,16,18,24],"seed_played":"-8761382103052892519","killed_by":"Automaton","ascension_level":0,"is_trial":false}