{"path_per_floor":["M","?","$","M","M","E","M","R","T","M","$","M","R","M","R","B",null,"M","M","?","M","M","R","M","R","T","?","$","?","?","M","R","B",null,"M","$","M","?","M","R","E","T","T","E","R","M","M","M","R"],"character_chosen":"IRONCLAD","items_purchased":["Flex","Pummel","Flex","Bag of Preparation"],"gold_per_floor":[216,216,26,39,58,88,106,106,106,116,16,27,27,38,38,140,140,154,169,169,183,195,195,208,208,208,208,34,34,34,47,47,143,143,163,14,30,0,16,16,49,49,49,80,80,96,109,127,127,127],"floor_reached":50,"campfire_rested":1,"playtime":1091,"current_hp_per_floor":[80,64,64,70,70,61,62,62,62,68,68,74,74,80,80,80,80,80,70,70,72,67,67,59,59,59,59,59,59,59,61,61,35,80,51,51,57,57,33,57,55,55,55,35,35,37,35,41,41,0],"items_purged":["Defend_R","Defend_R","Defend_R"],"gold":127,"score":670,"play_id":"943496d3-052d-4548-b5b4-63570d24aba3","local_time":"20180410111135","is_prod":false,"is_daily":false,"is_ascension_mode":true,"campfire_upgraded":6,"timestamp":1523347895,"path_taken":["M","?","$","?","?","E","M","R","T","?","$","M","R","M","R","BOSS","M","M","?","M","M","R","M","R","T","?","$","?","?","M","R","BOSS","M","$","M","?","M","R","E","?","T","E","R","M","M","?","R","BOSS"],"build_version":"2018-04-05v2","purchased_purges":3,"victory":false,"master_deck":["Strike_R+1","Strike_R+1","Strike_R","Strike_R+1","Strike_R","Bash","Thunderclap","Flex+1","Pummel","Flex+1","Sword Boomerang+1","Whirlwind+1","Battle Trance","Inflame+1","Offering+1","Whirlwind+1","Flex+1"],"max_hp_per_floor":[80,80,80,80,80,80,80,80,80,80,80,80,80,80,80,80,80,80,80,80,80,80,80,80,80,80,80,80,80,80,80,80,80,80,80,80,80,80,80,80,80,80,80,80,80,80,80,80,80,80],"relics":["Burning Blood","Bottled Lightning","Whetstone","Mark of Pain","Ancient Tea Set","Sozu","Bag of Preparation","Red Mask","Vajra","Sundial","Champion Belt","Girya"],"card_choices":[{"not_picked":["Second Wind","Blood for Blood"],"picked":"Thunderclap","floor":1},{"not_picked":["Perfected Strike","Power Through"],"picked":"Flex","floor":4},{"not_picked":["Spot Weakness","Disarm"],"picked":"Sword Boomerang","floor":5},{"not_picked":["Havoc","Brutality"],"picked":"Whirlwind","floor":7},{"not_picked":["Cleave","Anger"],"picked":"Battle Trance","floor":10},{"not_picked":["Twin Strike","Infernal Blade"],"picked":"Inflame","floor":12},{"not_picked":["Berserk","Immolate"],"picked":"Offering","floor":16},{"not_picked":["Bludgeon","Headbutt"],"picked":"Whirlwind","floor":24}],"player_experience":372880,"potions_floor_usage":[14,50,50,50],"damage_taken":[{"damage":6,"enemies":"Cultist","floor":1,"turns":3},{"damage":0,"enemies":"Small Slimes","floor":4,"turns":2},{"damage":6,"enemies":"2 Louse","floor":5,"turns":2},{"damage":15,"enemies":"Gremlin Nob","floor":6,"turns":3},{"damage":5,"enemies":"Gremlin Gang","floor":7,"turns":3},{"damage":0,"enemies":"Lots of Slimes","floor":10,"turns":1},{"damage":0,"enemies":"Exordium Wildlife","floor":12,"turns":2},{"damage":0,"enemies":"Large Slime","floor":14,"turns":2},{"damage":0,"enemies":"Slime Boss","floor":16,"turns":4},{"damage":4,"enemies":"Spheric Guardian","floor":18,"turns":2},{"damage":16,"enemies":"Shell Parasite","floor":19,"turns":3},{"damage":4,"enemies":"Sentry and Sphere","floor":21,"turns":2},{"damage":11,"enemies":"Chosen and Byrds","floor":22,"turns":3},{"damage":14,"enemies":"Centurion and Healer","floor":24,"turns":2},{"damage":4,"enemies":"Snecko","floor":31,"turns":1},{"damage":32,"enemies":"Collector","floor":33,"turns":3},{"damage":35,"enemies":"3 Darklings","floor":35,"turns":3},{"damage":0,"enemies":"Orb Walker","floor":37,"turns":1},{"damage":30,"enemies":"4 Shapes","floor":39,"turns":3},{"damage":8,"enemies":"2 Orb Walkers","floor":41,"turns":2},{"damage":26,"enemies":"Giant Head","floor":44,"turns":4},{"damage":4,"enemies":"Maw","floor":46,"turns":2},{"damage":8,"enemies":"Sphere and 2 Shapes","floor":47,"turns":1},{"damage":0,"enemies":"3 Darklings","floor":48,"turns":1},{"damage":67,"enemies":"Awakened One","floor":50,"turns":3}],"event_choices":[{"event_name":"Shining Light","player_choice":"Entered Light","floor":2,"damage_taken":0},{"event_name":"Back to Basics","player_choice":"Elegance","floor":20,"damage_taken":0},{"event_name":"Vampires","player_choice":"Ignored","floor":27,"damage_taken":0},{"event_name":"Match and Keep!","player_choice":"0 cards matched","floor":29,"damage_taken":0},{"event_name":"Ghosts","player_choice":"Ignored","floor":30,"damage_taken":0},{"event_name":"Tomb of Lord Red Mask","player_choice":"Paid","floor":38,"damage_taken":0}],"boss_relics":[{"not_picked":["Calling Bell","Runic Cube"],"picked":"Mark of Pain"},{"not_picked":["Runic Dome","Cursed Key"],"picked":"Sozu"}],"potions_floor_spawned":[4,5,6,19,22,24,35,37,46,48],"seed_played":"3061748351942468296","killed_by":"Awakened One","ascension_level":4,"is_trial":false}