{"path_per_floor":["M","?","M","T","?","R","M","R","T","R","M","R","E","M","R","B",null,"M","M","M","M","$","R","E","R","T","?","M","R","M","M","R","B",null,"M","?","?","M","$","E","T","M","T","M","R","M","R","$","R","B"],"character_chosen":"IRONCLAD","items_purchased":["Limit Break","Lantern","Orichalcum","Bottled Lightning","Bag of Marbles"],"gold_per_floor":[118,118,129,129,129,129,148,148,171,171,191,191,521,534,534,632,632,651,661,674,690,169,169,203,203,203,203,216,216,235,254,254,357,357,367,367,367,383,136,167,167,179,179,194,194,211,211,63,63,63],"floor_reached":51,"campfire_rested":2,"playtime":1127,"current_hp_per_floor":[78,78,75,75,75,75,80,80,80,80,79,79,74,69,69,22,66,65,66,49,36,36,36,19,43,43,43,42,42,44,46,46,42,71,76,76,76,61,61,45,45,41,41,27,27,27,51,51,51,50],"items_purged":["Strike_R"],"gold":63,"score":924,"play_id":"6f0e6878-5d64-4547-b9b2-4c69162a5424","local_time":"20180412024221","is_prod":false,"is_daily":false,"is_ascension_mode":true,"campfire_upgraded":2,"timestamp":1523490141,"path_taken":["M","?","?","?","?","R","?","R","T","R","M","R","E","M","R","BOSS","M","?","M","M","$","R","E","R","T","?","M","R","M","M","R","BOSS","M","?","?","M","$","E","?","M","T","?","R","M","R","?","R","BOSS"],"build_version":"2018-04-05v2","purchased_purges":1,"victory":true,"master_deck":["Bash+1","Flex+1","Sword Boomerang","Pummel+1","Offering","Limit Break+1","Clash+1","Flex+1","Brutality","Whirlwind+1"],"max_hp_per_floor":[80,80,80,80,80,80,80,80,80,80,80,80,80,80,80,80,80,80,80,80,80,80,80,80,80,80,80,80,80,80,80,80,80,80,80,80,80,80,80,80,80,80,80,80,80,80,80,80,80,80],"relics":["Black Blood","Peace Pipe","Anchor","Old Coin","Velvet Choker","Lantern","Orichalcum","Toolbox","Thread and Needle","Bottled Lightning","Darkstone Periapt","Unceasing Top","Matryoshka","Bag of Marbles"],"card_choices":[{"not_picked":["Heavy Blade","Headbutt"],"picked":"Hemokinesis","floor":1.0},{"not_picked":["Fire Breathing","Pommel Strike"],"picked":"Flex","floor":3.0},{"not_picked":["Iron Wave","Heavy Blade"],"picked":"Sword Boomerang","floor":7.0},{"not_picked":["Shockwave","Iron Wave"],"picked":"Pummel","floor":14.0},{"not_picked":["Fiend Fire","Dark Embrace"],"picked":"Offering","floor":16.0},{"not_picked":["Shrug It Off","Anger"],"picked":"Clash","floor":31.0},{"not_picked":["Shrug It Off","True Grit"],"picked":"Whirlwind","floor":44.0}],"player_experience":378127,"potions_floor_usage":[50,50,50],"damage_taken":[{"damage":8.0,"enemies":"2 Louse","floor":1.0,"turns":2.0},{"damage":9.0,"enemies":"Cultist","floor":3.0,"turns":3.0},{"damage":0.0,"enemies":"Small Slimes","floor":7.0,"turns":2.0},{"damage":7.0,"enemies":"Exordium Thugs","floor":11.0,"turns":2.0},{"damage":11.0,"enemies":"Gremlin Nob","floor":13.0,"turns":3.0},{"damage":11.0,"enemies":"Lots of Slimes","floor":14.0,"turns":3.0},{"damage":53.0,"enemies":"The Guardian","floor":16.0,"turns":6.0},{"damage":7.0,"enemies":"Spheric Guardian","floor":18.0,"turns":2.0},{"damage":5.0,"enemies":"2 Thieves","floor":19.0,"turns":2.0},{"damage":23.0,"enemies":"3 Cultists","floor":20.0,"turns":4.0},{"damage":19.0,"enemies":"Chosen and Byrds","floor":21.0,"turns":3.0},{"damage":29.0,"enemies":"Slavers","floor":24.0,"turns":3.0},{"damage":7.0,"enemies":"Centurion and Healer","floor":28.0,"turns":2.0},{"damage":4.0,"enemies":"Slaver and Parasite","floor":30.0,"turns":2.0},{"damage":4.0,"enemies":"Snecko","floor":31.0,"turns":2.0},{"damage":10.0,"enemies":"Champ","floor":33.0,"turns":4.0},{"damage":5.0,"enemies":"Orb Walker","floor":35.0,"turns":2.0},{"damage":25.0,"enemies":"3 Shapes","floor":38.0,"turns":3.0},{"damage":26.0,"enemies":"2 Orb Walkers","floor":40.0,"turns":3.0},{"damage":14.0,"enemies":"Sphere and 2 Shapes","floor":42.0,"turns":3.0},{"damage":24.0,"enemies":"Maw","floor":44.0,"turns":3.0},{"damage":10.0,"enemies":"3 Darklings","floor":46.0,"turns":2.0},{"damage":15,"enemies":"Donu and Deca","floor":50,"turns":3}],"event_choices":[{"event_name":"Liars Game","player_choice":"disagreed","floor":2.0,"damage_taken":0.0},{"event_name":"Accursed Blacksmith","player_choice":"Forge","floor":5.0,"damage_taken":0.0},{"event_name":"Vampires","player_choice":"Ignored","floor":27.0,"damage_taken":0.0},{"event_name":"Duplicator","player_choice":"One dupe","floor":36.0,"damage_taken":0.0},{"event_name":"Transmorgrifier","player_choice":"Transform","floor":37.0,"damage_taken":0.0}],"boss_relics":[],"potions_floor_spawned":[7,16,18,20,28,30,31,38,40,42,46],"seed_played":"2046710083689705695","ascension_level":5,"is_trial":false}