{"path_per_floor":["M","M","$","M","M","E","M","R","T","?","M","M","R","?","R","B",null,"M","M","?","M","M","E","M","M","T","R","M","?","R","M","R","B",null,"M","M","?","$","?"],"character_chosen":"THE_SILENT","items_purchased":["Purity"],"gold_per_floor":[115,125,50,67,87,115,132,132,158,158,182,206,206,206,206,335,335,356,370,320,344,357,390,408,423,493,493,518,518,518,533,533,662,662,676,697,697,509,565],"floor_reached":40,"campfire_rested":4,"playtime":6870,"current_hp_per_floor":[68,68,68,68,67,67,65,65,65,48,44,44,65,51,70,53,70,70,66,66,66,66,41,26,26,26,47,43,43,64,61,61,55,70,70,70,70,70,6],"items_purged":["Defend_G","Writhe"],"gold":565,"play_id":"cfbe69b4-9617-4ce3-b894-c6c3c6f8b0fc","is_prod":false,"is_daily":false,"is_ascension_mode":false,"campfire_upgraded":2,"path_taken":["M","M","?","M","?","E","M","R","T","?","M","M","R","?","R","BOSS","M","M","?","M","M","E","?","M","T","R","M","?","R","M","R","BOSS","M","M","?","$","?","E"],"build_version":"2018-01-25-BETA1","purchased_purges":3,"victory":false,"master_deck":["Defend_G","Defend_G","Defend_G","Defend_G+1","Strike_G","Strike_G","Strike_G","Strike_G","Strike_G","Survivor+1","Neutralize+1","Venomology","Backflip","Terror+1","Well Laid Plans","Dash+1","Bullet Time","Bullet Time","Prepared","Night Terror","Footwork+1","Tools of the Trade","Purity"],"max_hp_per_floor":[70,70,70,70,70,70,70,70,70,70,70,70,70,70,70,70,70,70,70,70,70,70,70,70,70,70,70,70,70,70,70,70,70,70,70,70,70,70,70],"relics":["Ring of the Snake","Mummified Hand","Molten Egg","Golden Idol","Snecko Eye","Bottled Tornado","Ninja Scroll","Black Star","Frozen Eye"],"card_choices":[{"not_picked":["Backflip","Dodge and Roll"],"picked":"Venomology"},{"not_picked":["Dagger Spray","Deflect"],"picked":"Backflip"},{"not_picked":["Acrobatics","Dagger Spray"],"picked":"Terror"},{"not_picked":["Terror","PiercingWail"],"picked":"Well Laid Plans"},{"not_picked":["Masterful Stab","Heel Hook"],"picked":"Dash"},{"not_picked":["Terror","Escape Plan"],"picked":"Bullet Time"},{"not_picked":["Die Die Die","Glass Knife"],"picked":"Bullet Time"},{"not_picked":["Deadly Poison","Flechettes"],"picked":"Prepared"},{"not_picked":["Bouncing Flask","Unload"],"picked":"Night Terror"},{"not_picked":["Outmaneuver","Dagger Spray"],"picked":"Footwork"},{"not_picked":["Night Terror","Envenom"],"picked":"Tools of the Trade"}],"player_experience":2744,"potions_floor_usage":[4,5,5,5,6,6,6,7,16,16,19,19,22,22,23,23,23,24,28,31,31,31,33,36,36,39,39,40,40],"damage_taken":[{"damage":2,"enemies":"Blue Slaver","floor":1,"turns":6},{"damage":0,"enemies":"Jaw Worm","floor":2,"turns":7},{"damage":0,"enemies":"Small Slimes","floor":4,"turns":3},{"damage":1,"enemies":"3 Louse","floor":5,"turns":4},{"damage":0,"enemies":"Lagavulin","floor":6,"turns":7},{"damage":2,"enemies":"Looter","floor":7,"turns":3},{"damage":4,"enemies":"Red Slaver","floor":11,"turns":4},{"damage":0,"enemies":"2 Fungi Beasts","floor":12,"turns":4},{"damage":17,"enemies":"Hexaghost","floor":16,"turns":11},{"damage":0,"enemies":"3 Byrds","floor":18,"turns":6},{"damage":4,"enemies":"2 Thieves","floor":19,"turns":3},{"damage":0,"enemies":"Slaver and Parasite","floor":21,"turns":9},{"damage":0,"enemies":"3 Cultists","floor":22,"turns":6},{"damage":34,"enemies":"Gremlin Leader","floor":23,"turns":14},{"damage":15,"enemies":"Snake Plant","floor":24,"turns":7},{"damage":0,"enemies":"Centurion and Healer","floor":25,"turns":4},{"damage":4,"enemies":"3 Cultists","floor":28,"turns":6},{"damage":3,"enemies":"Snake Plant","floor":31,"turns":4},{"damage":6,"enemies":"Champ","floor":33,"turns":19},{"damage":0,"enemies":"Orb Walker","floor":35,"turns":3},{"damage":0,"enemies":"3 Shapes","floor":36,"turns":6},{"damage":64,"enemies":"Mysterious Sphere","floor":39,"turns":12},{"damage":34,"enemies":"Nemesis","floor":40,"turns":6}],"event_choices":[{"event_name":"Golden Idol","player_choice":"Take Damage","floor":10,"damage_taken":0},{"event_name":"Shining Light","player_choice":"Entered Light","floor":14,"damage_taken":0},{"event_name":"The Joust","player_choice":"Bet on Owner","floor":20,"damage_taken":0},{"event_name":"Match and Keep!","player_choice":"0 cards matched","floor":29,"damage_taken":0},{"event_name":"Winding Halls","player_choice":"Writhe","floor":37,"damage_taken":0},{"event_name":"Mysterious Sphere","player_choice":"Fight","floor":39,"damage_taken":0}],"boss_relics":[{"not_picked":["Calling Bell","Lizard Tail"],"picked":"Snecko Eye"},{"not_picked":["Runic Dome","Cursed Key"],"picked":"Black Star"}],"potions_floor_spawned":[1,2,5,11,18,23,24,25,31,35],"seed_played":"-4536670883212575955","killed_by":"Nemesis","ascension_level":0,"is_trial":false}