{"path_per_floor":["M","?","M","M","M","R","E","?","T","$","E","M","R","E","R","B",null,"M","?","T","M","?","M","T","R","T","E","?"],"character_chosen":"THE_SILENT","items_purchased":[],"gold_per_floor":[117,117,127,142,153,153,182,182,232,157,187,202,202,230,230,328,328,340,340,340,350,350,361,410,410,410,440,355],"floor_reached":29,"campfire_rested":3,"playtime":3262,"current_hp_per_floor":[70,70,70,70,68,68,54,54,54,54,57,49,70,55,70,39,70,59,43,43,41,41,33,33,54,54,6,6],"items_purged":["Defend_G"],"gold":355,"play_id":"dd5b987c-0346-4462-9d78-f77cd7dee329","is_prod":false,"is_daily":false,"campfire_rituals":0,"campfire_upgraded":1,"is_hardmode":false,"path_taken":["M","?","M","M","M","R","E","?","T","?","E","M","R","E","R","BOSS","M","?","?","M","?","M","?","R","T","E","?","?"],"build_version":"2018-01-18-PROD4","purchased_purges":2,"victory":false,"master_deck":["Defend_G","Defend_G","Strike_G","Strike_G","Survivor","Neutralize","Quick Slash","Well Laid Plans","Poisoned Stab","Backflip","Bane","Heel Hook","Leg Sweep","Poisoned Stab","Calculated Gamble","Burst","Leg Sweep","Footwork","Catalyst","Deflect"],"max_hp_per_floor":[70,70,70,70,70,70,70,70,70,70,70,70,70,70,70,70,70,70,70,70,70,70,70,70,70,70,70,70],"relics":["The Specimen","Snake Skull","Dream Catcher","Omamori","Bird Faced Urn","Astrolabe","Necronomicon","Frozen Eye","Anchor","Torii","Ancient Tea Set","Prayer Wheel"],"campfire_meditates":0,"card_choices":[{"not_picked":["Slice","Underhanded Strike"],"picked":"Quick Slash"},{"not_picked":["Blade Dance","Infinite Blades"],"picked":"Well Laid Plans"},{"not_picked":["PiercingWail","Dagger Throw"],"picked":"Poisoned Stab"},{"not_picked":["Bane","Wraith Form"],"picked":"Backflip"},{"not_picked":["Infinite Blades","Quick Slash"],"picked":"Bane"},{"not_picked":["Finisher","Predator"],"picked":"Leg Sweep"},{"not_picked":["Backstab","Sucker Punch"],"picked":"Poisoned Stab"},{"not_picked":["PiercingWail","Sucker Punch"],"picked":"Footwork"},{"not_picked":["Poisoned Stab","All Out Attack"],"picked":"Catalyst"},{"not_picked":["Sucker Punch","Die Die Die"],"picked":"Deflect"}],"player_experience":82140,"potions_floor_usage":[11,11,29],"damage_taken":[{"damage":0,"enemies":"2 Louse","floor":1,"turns":4},{"damage":0,"enemies":"Blue Slaver","floor":3,"turns":5},{"damage":0,"enemies":"Jaw Worm","floor":4,"turns":4},{"damage":2,"enemies":"2 Fungi Beasts","floor":5,"turns":4},{"damage":14,"enemies":"Lagavulin","floor":7,"turns":9},{"damage":6,"enemies":"Gremlin Nob","floor":11,"turns":4},{"damage":8,"enemies":"Gremlin Gang","floor":12,"turns":5},{"damage":15,"enemies":"Lagavulin","floor":14,"turns":7},{"damage":31,"enemies":"The Guardian","floor":16,"turns":12},{"damage":13,"enemies":"2 Thieves","floor":18,"turns":5},{"damage":6,"enemies":"Spheric Guardian","floor":21,"turns":8},{"damage":12,"enemies":"Snake Plant","floor":23,"turns":7},{"damage":52,"enemies":"Slavers","floor":27,"turns":14},{"damage":9,"enemies":"Centurion and Healer","floor":29,"turns":2}],"event_choices":[{"event_name":"Bonfire Elementals","player_choice":"BASIC","floor":2,"damage_taken":0},{"event_name":"Transmorgrifier","player_choice":"Transform","floor":8,"damage_taken":0},{"event_name":"Cursed Tome","player_choice":"Obtained Book","floor":19,"damage_taken":0},{"event_name":"Vampires","player_choice":"Ignored","floor":22,"damage_taken":0},{"event_name":"Addict","player_choice":"Obtained Relic","floor":28,"damage_taken":0}],"boss_relics":[{"not_picked":["Eternal Feather","Snecko Eye"],"picked":"Astrolabe"}],"potions_floor_spawned":[3,7,12,14,27],"seed_played":"-6465766937208220076","killed_by":"Centurion and Healer","is_trial":false}