{"path_per_floor":["M","?","?","T","$","M","?","E","T","R","$","M","R","M","R","B",null,"M","$","M"],"character_chosen":"THE_SILENT","items_purchased":["Noxious Fumes"],"gold_per_floor":[110,110,285,285,210,231,231,272,272,272,92,108,108,124,124,243,243,262,137,153],"floor_reached":21,"campfire_rested":2,"playtime":1233,"current_hp_per_floor":[70,53,53,53,53,49,49,17,17,53,53,53,53,48,70,60,68,56,56,58],"items_purged":["Doubt","Decay","Normality"],"gold":153,"score":253,"play_id":"2aa717bb-2311-4d40-8c40-e0248d6e2d2f","is_prod":false,"is_daily":false,"is_ascension_mode":true,"campfire_upgraded":1,"path_taken":["M","?","?","?","?","?","?","E","T","R","$","M","R","?","R","BOSS","M","$","?","?"],"build_version":"2018-02-08-BETA1","purchased_purges":3,"victory":false,"master_deck":["Defend_G","Defend_G","Defend_G","Defend_G","Defend_G","Strike_G","Strike_G","Strike_G","Strike_G","Strike_G","Survivor","Neutralize","Envenom","Bane","Night Terror","Noxious Fumes+1","Deadly Poison","Catalyst","Writhe","Normality","Leg Sweep","Catalyst"],"max_hp_per_floor":[70,70,70,70,70,70,70,70,70,70,70,70,70,70,70,70,70,70,70,70],"relics":["Ring of the Snake","Golden Idol","Ice Cream","Regal Pillow","Thread and Needle","Calling Bell","Blood Vial","Centennial Puzzle","Kunai"],"card_choices":[{"not_picked":["Finisher","Dagger Spray"],"picked":"Bane"},{"not_picked":["A Thousand Cuts","Dagger Throw"],"picked":"Night Terror"},{"not_picked":["Dagger Throw","Quick Slash"],"picked":"Deadly Poison"},{"not_picked":["Dodge and Roll","Leg Sweep"],"picked":"Catalyst"},{"not_picked":["Dagger Spray","Endless Agony"],"picked":"Leg Sweep"},{"not_picked":["Dagger Spray","Prepared"],"picked":"Catalyst"}],"player_experience":149103,"potions_floor_usage":[16,16,18,21],"damage_taken":[{"damage":0,"enemies":"Cultist","floor":1,"turns":5},{"damage":4,"enemies":"Jaw Worm","floor":6,"turns":7},{"damage":32,"enemies":"3 Sentries","floor":8,"turns":10},{"damage":0,"enemies":"Small Slimes","floor":12,"turns":5},{"damage":5,"enemies":"Exordium Wildlife","floor":14,"turns":4},{"damage":19,"enemies":"Slime Boss","floor":16,"turns":6},{"damage":14,"enemies":"Chosen","floor":18,"turns":5},{"damage":0,"enemies":"3 Byrds","floor":20,"turns":5},{"damage":63,"enemies":"Masked Bandits","floor":21,"turns":5}],"event_choices":[{"event_name":"Golden Idol","player_choice":"Take Damage","floor":2,"damage_taken":0},{"event_name":"Liars Game","player_choice":"agreed","floor":3,"damage_taken":0},{"event_name":"Wheel of Change","player_choice":"Curse","floor":7,"damage_taken":0},{"event_name":"Masked Bandits","player_choice":"Fought over 153 gold","floor":21,"damage_taken":0}],"boss_relics":[{"not_picked":["Pandora\u0027s Box","Orrery"],"picked":"Calling Bell"}],"potions_floor_spawned":[8,12,14,20],"seed_played":"-7769728008387688706","killed_by":"Masked Bandits","ascension_level":5,"is_trial":false}