{"path_per_floor":["M","M","?","?","M","R","E","R","T","R","E","?","?","M","R","B",null,"M","?","?","?","M","R","M","R","T","R","M","R","?","M","R","B",null,"M","?","M","?","M"],"character_chosen":"THE_SILENT","items_purchased":[],"gold_per_floor":[117,131,109,109,124,124,149,149,202,202,233,233,233,251,251,322,322,334,334,334,334,351,351,365,365,365,365,375,375,375,392,392,463,463,482,482,496,496,513,513],"floor_reached":40,"campfire_rested":6,"playtime":3307,"current_hp_per_floor":[50,45,45,38,37,58,44,44,44,65,35,35,35,31,52,40,63,65,65,58,58,58,58,16,37,37,58,57,57,57,45,66,54,66,46,46,30,61,19,0],"items_purged":[],"gold":513,"score":650,"play_id":"9dd92ded-26d5-4b13-bff0-f98032ac53fc","local_time":"20180401201903","is_prod":false,"is_daily":false,"is_ascension_mode":true,"campfire_upgraded":3,"timestamp":1522628343,"path_taken":["M","M","?","?","M","R","E","R","T","R","E","?","?","M","R","BOSS","M","?","?","?","M","R","M","R","T","R","?","R","?","?","R","BOSS","M","?","M","?","?","E"],"build_version":"2018-03-29","purchased_purges":0,"victory":false,"master_deck":["Defend_G","Defend_G","Defend_G","Defend_G","Strike_G","Strike_G","Survivor","Neutralize+1","AscendersBane","Poisoned Stab","Flechettes","All Out Attack","Bullet Time","Noxious Fumes+1","Well Laid Plans","Dagger Throw+1","Storm of Steel+1","Dash+1","Acrobatics","PiercingWail","Adrenaline","Cloak And Dagger","Backflip"],"max_hp_per_floor":[70,70,70,70,70,70,70,70,70,70,70,70,70,70,70,70,70,70,70,70,70,70,70,70,70,70,70,70,70,70,70,70,70,70,70,70,70,61,61,61],"relics":["Ring of the Snake","Ice Cream","Blood Vial","Molten Egg 2","Snecko Eye","Bird Faced Urn"],"card_choices":[{"not_picked":["Dodge and Roll","Underhanded Strike"],"picked":"Poisoned Stab","floor":1.0},{"not_picked":["Prepared","Distraction"],"picked":"Flechettes","floor":2.0},{"not_picked":["Dodge and Roll","Dagger Throw"],"picked":"All Out Attack","floor":5.0},{"not_picked":["Cloak And Dagger","PiercingWail"],"picked":"Bullet Time","floor":7.0},{"not_picked":["Deadly Poison","Venomology"],"picked":"Noxious Fumes","floor":11.0},{"not_picked":["Dodge and Roll","Crippling Poison"],"picked":"Dagger Throw","floor":14.0},{"not_picked":["A Thousand Cuts","Phantasmal Killer"],"picked":"Storm of Steel","floor":16.0},{"not_picked":["Deflect","Prepared"],"picked":"Acrobatics","floor":22.0},{"not_picked":["Crippling Poison","Outmaneuver"],"picked":"PiercingWail","floor":24.0},{"not_picked":["Tools of the Trade","Bullet Time"],"picked":"Adrenaline","floor":33.0},{"not_picked":["Crippling Poison","Bane"],"picked":"Cloak And Dagger","floor":35},{"not_picked":["Backstab","Underhanded Strike"],"picked":"Backflip","floor":39}],"player_experience":333863,"potions_floor_usage":[40,40],"damage_taken":[{"damage":13.0,"enemies":"Jaw Worm","floor":1.0,"turns":10.0},{"damage":5.0,"enemies":"Small Slimes","floor":2.0,"turns":3.0},{"damage":1.0,"enemies":"Cultist","floor":5.0,"turns":3.0},{"damage":14.0,"enemies":"3 Sentries","floor":7.0,"turns":9.0},{"damage":32.0,"enemies":"Gremlin Nob","floor":11.0,"turns":5.0},{"damage":6.0,"enemies":"2 Fungi Beasts","floor":14.0,"turns":3.0},{"damage":14.0,"enemies":"The Guardian","floor":16.0,"turns":12.0},{"damage":0.0,"enemies":"Spheric Guardian","floor":18.0,"turns":3.0},{"damage":2.0,"enemies":"3 Byrds","floor":22.0,"turns":3.0},{"damage":44.0,"enemies":"Cultist and Chosen","floor":24.0,"turns":6.0},{"damage":7.0,"enemies":"Sentry and Sphere","floor":28.0,"turns":5.0},{"damage":18.0,"enemies":"Chosen and Byrds","floor":31.0,"turns":6.0},{"damage":16.0,"enemies":"Champ","floor":33.0,"turns":13.0},{"damage":24,"enemies":"3 Shapes","floor":35,"turns":3},{"damage":22,"enemies":"Flame Bruiser 1 Orb","floor":37,"turns":6},{"damage":44,"enemies":"Maw","floor":39,"turns":10},{"damage":40,"enemies":"Nemesis","floor":40,"turns":7}],"event_choices":[{"event_name":"World of Goop","player_choice":"Left","floor":3.0,"damage_taken":0.0},{"event_name":"Golden Wing","player_choice":"Card Removal","floor":4.0,"damage_taken":0.0},{"event_name":"The Woman in Blue","player_choice":"Bought 0 Potions","floor":12.0,"damage_taken":0.0},{"event_name":"Transmorgrifier","player_choice":"Transform","floor":13.0,"damage_taken":0.0},{"event_name":"Drug Dealer","player_choice":"Ignored","floor":19.0,"damage_taken":0.0},{"event_name":"Wheel of Change","player_choice":"Damage","floor":20.0,"damage_taken":0.0},{"event_name":"The Library","player_choice":"Read","floor":21.0,"damage_taken":0.0},{"event_name":"The Mausoleum","player_choice":"No","floor":30.0,"damage_taken":0.0},{"event_name":"The Moai Head","player_choice":"Heal","floor":38,"damage_taken":0}],"boss_relics":[],"potions_floor_spawned":[2,16,18,28,31,35,39],"seed_played":"4787715082134208336","killed_by":"Nemesis","ascension_level":13,"is_trial":false}