{"path_per_floor":["M","?","M","?","M","R","E","R","T","R","?","M","?","M","R","B",null,"M","$","M","$","?","?","E","R","T","R","M","?","R","M","R"],"character_chosen":"THE_SILENT","items_purchased":["Mango"],"gold_per_floor":[115,215,232,307,327,327,355,355,355,355,355,369,369,385,385,459,459,475,92,108,8,0,0,34,34,34,34,49,49,49,68,68,68],"floor_reached":33,"campfire_rested":2,"playtime":1494,"current_hp_per_floor":[57,57,57,46,46,46,28,47,47,47,47,47,47,47,47,39,59,51,65,37,37,37,37,26,50,50,50,50,50,50,48,48,0],"items_purged":["Strike_G","Strike_G"],"gold":68,"score":473,"play_id":"b79a66f2-2f48-4d0c-8388-eaf31d4b203e","local_time":"20180402203828","is_prod":false,"is_daily":false,"is_ascension_mode":true,"campfire_upgraded":6,"timestamp":1522715908,"path_taken":["M","?","M","?","M","R","E","R","T","R","?","M","?","M","R","BOSS","M","?","M","$","?","?","E","R","T","R","M","?","R","M","R","BOSS"],"build_version":"2018-03-29","purchased_purges":2,"victory":false,"master_deck":["Defend_G","Defend_G","Defend_G","Defend_G","Defend_G","Survivor","Neutralize+1","AscendersBane","Caltrops","Backflip","Glass Knife+1","Glass Knife+1","Setup+1","Malaise+1","Night Terror","PiercingWail","Terror+1","Blur","Bite","Bite","Bite","Bite","Bite","Flying Knee+1"],"max_hp_per_floor":[66,66,66,66,66,66,66,66,66,66,66,66,66,66,66,66,66,66,80,80,80,80,80,80,80,80,80,80,56,56,56,56,56],"relics":["Ring of the Snake","Vajra","Bag of Marbles","Dead Branch","Black Star","Mango","Lantern","Omamori","Calipers"],"card_choices":[{"not_picked":["Slice","PiercingWail"],"picked":"Caltrops","floor":1},{"not_picked":["Cloak And Dagger","Deadly Poison"],"picked":"Backflip","floor":3},{"not_picked":["PiercingWail","Quick Slash"],"picked":"Glass Knife","floor":5},{"not_picked":["Distraction","Adrenaline"],"picked":"Glass Knife","floor":7},{"not_picked":["Reflex","Acrobatics"],"picked":"Malaise","floor":14},{"not_picked":["Corpse Explosion","Tools of the Trade"],"picked":"Night Terror","floor":16},{"not_picked":["Deflect","Endless Agony"],"picked":"PiercingWail","floor":18},{"not_picked":["Leg Sweep","Underhanded Strike"],"picked":"Terror","floor":24},{"not_picked":["Caltrops","Riddle With Holes"],"picked":"Blur","floor":28},{"not_picked":["Crippling Poison","Underhanded Strike"],"picked":"Flying Knee","floor":31}],"player_experience":354826,"potions_floor_usage":[18,28,33,33,33],"damage_taken":[{"damage":2,"enemies":"Small Slimes","floor":1,"turns":4},{"damage":0,"enemies":"Cultist","floor":3,"turns":4},{"damage":0,"enemies":"Jaw Worm","floor":5,"turns":5},{"damage":18,"enemies":"Gremlin Nob","floor":7,"turns":4},{"damage":0,"enemies":"Looter","floor":12,"turns":2},{"damage":0,"enemies":"Exordium Wildlife","floor":14,"turns":1},{"damage":8,"enemies":"The Guardian","floor":16,"turns":9},{"damage":8,"enemies":"Shell Parasite","floor":18,"turns":8},{"damage":28,"enemies":"Spheric Guardian","floor":20,"turns":7},{"damage":11,"enemies":"Book of Stabbing","floor":24,"turns":8},{"damage":0,"enemies":"Centurion and Healer","floor":28,"turns":4},{"damage":8,"enemies":"3 Cultists","floor":31,"turns":5},{"damage":89,"enemies":"Champ","floor":33,"turns":15}],"event_choices":[{"event_name":"Golden Shrine","player_choice":"Pray","floor":2,"damage_taken":0},{"event_name":"World of Goop","player_choice":"Gather Gold","floor":4,"damage_taken":0},{"event_name":"Liars Game","player_choice":"disagreed","floor":11,"damage_taken":0},{"event_name":"Living Wall","player_choice":"Change","floor":13,"damage_taken":0},{"event_name":"Masked Bandits","player_choice":"Paid Bandits 8 gold","floor":22,"damage_taken":0},{"event_name":"Addict","player_choice":"Ignored","floor":23,"damage_taken":0},{"event_name":"Vampires","player_choice":"Became a vampire","floor":29,"damage_taken":0}],"boss_relics":[{"not_picked":["The Specimen","White Beast Statue"],"picked":"Black Star"}],"potions_floor_spawned":[5,12,14,24,31],"seed_played":"-21691564450378255","killed_by":"Champ","ascension_level":14,"is_trial":false}