{"path_per_floor":["M","?","?","M","$","R","E","M","T","R","E","R","E","M","R","B",null,"M","M","M","T","?","R","M","E","T","R","$","R","M","?","R","B",null,"M","M","M","$","?","R","E","R","T","R","M","E","?","?","R","B"],"character_chosen":"THE_SILENT","items_purchased":["Glass Knife","Shuriken"],"gold_per_floor":[116,266,266,279,57,57,90,102,102,102,134,134,165,177,177,248,248,263,282,295,295,295,295,314,343,367,367,26,26,37,37,37,114,114,125,135,145,20,20,20,45,45,45,45,63,92,92,92,92,92],"floor_reached":51,"campfire_rested":3,"playtime":2836,"current_hp_per_floor":[57,57,57,52,52,52,50,50,50,50,48,48,47,44,44,39,59,58,56,36,36,36,66,49,42,49,49,49,73,73,73,73,69,72,71,67,67,67,67,67,63,63,63,63,61,58,58,58,73,53],"items_purged":["Doubt","Regret","Decay"],"gold":92,"score":1322,"play_id":"54dc8676-a45f-41d9-80c6-fd78dbf73d45","local_time":"20180410011016","is_prod":false,"is_daily":false,"is_ascension_mode":true,"campfire_upgraded":9,"timestamp":1523337016,"path_taken":["M","?","?","M","$","R","E","M","T","R","E","R","E","M","R","BOSS","M","M","M","?","?","R","M","E","T","R","$","R","M","?","R","BOSS","M","M","?","$","?","R","E","R","T","R","M","E","?","?","R","BOSS"],"build_version":"2018-04-05","purchased_purges":3,"victory":true,"master_deck":["Defend_G+1","Defend_G+1","Defend_G+1","Defend_G+1","Defend_G+1","Strike_G+1","Strike_G+1","Strike_G+1","Strike_G+1","Survivor","Neutralize+1","AscendersBane","Cloak And Dagger+1","Dash+1","Glass Knife+1","Terror+1","Well Laid Plans+1","Phantasmal Killer+1","Backflip+1","Calculated Gamble","Die Die Die+1","Endless Agony","Writhe","After Image+1","PiercingWail","Footwork+1","Pain","Cloak And Dagger+1","PiercingWail","Dramatic Entrance"],"max_hp_per_floor":[66,66,66,66,66,66,66,66,66,66,66,66,66,66,66,66,66,66,66,66,66,66,66,66,66,73,73,73,73,73,73,73,73,73,73,73,73,73,73,73,73,73,73,73,73,73,73,73,73,73],"relics":["Ring of the Snake","Bronze Scales","Bottled Lightning","Regal Pillow","Dead Branch","Cursed Key","The Specimen","Vajra","Strawberry","Shuriken","Sozu","Question Card","Ginger","Ancient Tea Set"],"card_choices":[{"not_picked":["Deadly Poison","Riddle With Holes"],"picked":"Cloak And Dagger","floor":1},{"not_picked":["Cloak And Dagger","Outmaneuver"],"picked":"Dash","floor":4},{"not_picked":["Predator","All Out Attack"],"picked":"Terror","floor":7},{"not_picked":["Expertise","Acrobatics"],"picked":"Well Laid Plans","floor":11},{"not_picked":["Envenom","Heel Hook"],"picked":"Phantasmal Killer","floor":13},{"not_picked":["Bane","Slice"],"picked":"Backflip","floor":19},{"not_picked":["Poisoned Stab","Catalyst"],"picked":"Calculated Gamble","floor":20},{"not_picked":["Skewer","Bullet Time"],"picked":"Endless Agony","floor":25},{"not_picked":["Tactician","Adrenaline"],"picked":"After Image","floor":33},{"not_picked":["Predator","Prepared"],"picked":"PiercingWail","floor":35},{"not_picked":["Crippling Poison","Leg Sweep"],"picked":"Footwork","floor":36},{"not_picked":["Accuracy","Poisoned Stab","Calculated Gamble"],"picked":"Cloak And Dagger","floor":45},{"not_picked":["Outmaneuver","Bane","Night Terror"],"picked":"PiercingWail","floor":46},{"not_picked":["Blind","Finesse","Bandage Up"],"picked":"Dramatic Entrance","floor":47}],"player_experience":405943,"potions_floor_usage":[11,13,13,18,19,19,20,33,37],"damage_taken":[{"damage":2,"enemies":"Jaw Worm","floor":1,"turns":10},{"damage":5,"enemies":"2 Louse","floor":4,"turns":3},{"damage":2,"enemies":"3 Sentries","floor":7,"turns":9},{"damage":0,"enemies":"Small Slimes","floor":8,"turns":2},{"damage":2,"enemies":"Lagavulin","floor":11,"turns":5},{"damage":1,"enemies":"3 Sentries","floor":13,"turns":6},{"damage":3,"enemies":"Red Slaver","floor":14,"turns":3},{"damage":5,"enemies":"Hexaghost","floor":16,"turns":8},{"damage":1,"enemies":"Chosen","floor":18,"turns":3},{"damage":11,"enemies":"3 Byrds","floor":19,"turns":4},{"damage":20,"enemies":"3 Cultists","floor":20,"turns":6},{"damage":17,"enemies":"Cultist and Chosen","floor":24,"turns":6},{"damage":7,"enemies":"Gremlin Leader","floor":25,"turns":5},{"damage":0,"enemies":"Snecko","floor":30,"turns":3},{"damage":4,"enemies":"Collector","floor":33,"turns":6},{"damage":1,"enemies":"3 Shapes","floor":35,"turns":4},{"damage":4,"enemies":"Orb Walker","floor":36,"turns":3},{"damage":0,"enemies":"3 Darklings","floor":37,"turns":3},{"damage":4,"enemies":"Nemesis","floor":41,"turns":5},{"damage":2,"enemies":"Maw","floor":45,"turns":6},{"damage":3,"enemies":"2 Orb Walkers","floor":46,"turns":6},{"damage":20,"enemies":"Time Eater","floor":50,"turns":8}],"event_choices":[{"event_name":"Liars Game","player_choice":"agreed","floor":2,"damage_taken":0},{"event_name":"The Lab","player_choice":"Got Potions","floor":3,"damage_taken":0},{"event_name":"Match and Keep!","player_choice":"2 cards matched","floor":22,"damage_taken":0},{"event_name":"Back to Basics","player_choice":"Simplicity","floor":31,"damage_taken":0},{"event_name":"SensoryStone","player_choice":"Memory 1","floor":47,"damage_taken":0},{"event_name":"Mysterious Sphere","player_choice":"Ignore","floor":48,"damage_taken":0}],"boss_relics":[{"not_picked":["Eternal Feather","Calling Bell"],"picked":"Cursed Key"},{"not_picked":["Orrery","Runic Pyramid"],"picked":"Sozu"}],"potions_floor_spawned":[8,11,14,16,18,19,33,35,41,45,46],"seed_played":"9181090438347833735","ascension_level":15,"is_trial":false}