{"path_per_floor":["M","?","M","M","M","R","E","R","T","R","E","?","M","E","R","B",null,"M","?","?","M","?","E","R","?","T","E","M","?","M","E","R","B",null,"M","?","M","$","?","R","E","R","T","M","E","M","$","M","R","B"],"character_chosen":"THE_SILENT","items_purchased":["Strawberry","Omamori","Adrenaline","Dexterity Potion","Well Laid Plans"],"gold_per_floor":[116,116,133,148,164,164,199,199,226,226,252,211,227,256,256,333,333,348,273,273,292,292,320,320,320,320,347,363,363,374,399,399,470,470,481,481,493,44,44,44,75,75,75,88,118,134,13,25,25,25],"floor_reached":51,"campfire_rested":5,"playtime":3919,"current_hp_per_floor":[59,59,59,59,39,39,2,21,21,40,35,35,34,26,26,4,51,45,45,45,45,45,30,49,49,49,49,37,37,37,34,53,32,58,58,58,56,63,63,63,63,63,63,63,62,62,62,62,73,73],"items_purged":["Strike_G"],"gold":25,"score":1458,"play_id":"5d414460-3fbe-4418-8beb-666894d63fee","local_time":"20180415103906","is_prod":false,"is_daily":false,"chose_seed":false,"is_ascension_mode":true,"campfire_upgraded":4,"timestamp":1523803146,"path_taken":["M","?","M","M","M","R","E","R","T","R","E","?","M","E","R","BOSS","M","?","?","M","?","E","R","?","T","E","?","?","M","E","R","BOSS","M","?","?","$","?","R","E","R","T","M","E","M","$","?","R","BOSS"],"build_version":"2018-04-13","seed_source_timestamp":319478255966488,"purchased_purges":2,"victory":true,"master_deck":["Defend_G","Defend_G","Defend_G","Defend_G","Strike_G","Survivor","Neutralize+1","AscendersBane","Tools of the Trade+1","Terror","Glass Knife","Backflip","Malaise+1","Cloak And Dagger+1","Venomology+1","Caltrops","Dash","After Image+1","Dagger Throw+1","Backflip+1","Unload+1","Decay","Infinite Blades","Adrenaline+1","Bullet Time+1","Adrenaline+1","Thinking Ahead+1","PiercingWail+1","Well Laid Plans"],"max_hp_per_floor":[66,66,66,66,66,66,66,66,66,66,66,66,66,66,66,66,66,66,66,66,66,66,66,66,66,66,66,66,66,66,66,66,66,66,66,66,66,73,73,73,73,73,73,73,73,73,73,73,73,73],"relics":["Ring of the Snake","Ninja Scroll","Ancient Tea Set","Toxic Egg 2","Du-Vu Doll","Mercury Hourglass","Dodecahedron","Peace Pipe","Nloth\u0027s Gift","Dead Branch","Black Star","Strawberry","Omamori","Oddly Smooth Stone","Snake Skull","Kunai","Gremlin Horn","Shuriken"],"card_choices":[{"not_picked":["Skewer","Prepared"],"picked":"Terror","floor":1},{"not_picked":["Predator","Deflect"],"picked":"Backflip","floor":4},{"not_picked":["Crippling Poison","Quick Slash"],"picked":"Malaise","floor":5},{"not_picked":["Deflect","Prepared"],"picked":"Cloak And Dagger","floor":7},{"not_picked":["Prepared","Quick Slash"],"picked":"Venomology","floor":11},{"not_picked":["Quick Slash","Prepared"],"picked":"Caltrops","floor":13},{"not_picked":["Masterful Stab","Dagger Spray"],"picked":"Dash","floor":14},{"not_picked":["Tactician","Storm of Steel"],"picked":"After Image","floor":16},{"not_picked":["Acrobatics","Deadly Poison"],"picked":"Infinite Blades","floor":28},{"not_picked":["Phantasmal Killer","Venomology"],"picked":"Adrenaline","floor":33},{"not_picked":["Dagger Throw","Skewer"],"picked":"Bullet Time","floor":35},{"not_picked":["Swift Strike","Trip"],"picked":"Thinking Ahead","floor":39},{"not_picked":["Predator","All Out Attack"],"picked":"PiercingWail","floor":41}],"player_experience":474228,"potions_floor_usage":[7,14,16,16,21,23,23,23,28,30,31,31,31,33,33,33,33,41,45,46,48,48,50,50],"damage_taken":[{"damage":0,"enemies":"Jaw Worm","floor":1,"turns":5},{"damage":0,"enemies":"Cultist","floor":3,"turns":3},{"damage":0,"enemies":"2 Louse","floor":4,"turns":2},{"damage":20,"enemies":"Large Slime","floor":5,"turns":10},{"damage":37,"enemies":"Gremlin Nob","floor":7,"turns":5},{"damage":5,"enemies":"3 Sentries","floor":11,"turns":10},{"damage":1,"enemies":"Exordium Wildlife","floor":13,"turns":4},{"damage":8,"enemies":"Gremlin Nob","floor":14,"turns":3},{"damage":22,"enemies":"The Guardian","floor":16,"turns":10},{"damage":6,"enemies":"2 Thieves","floor":18,"turns":4},{"damage":0,"enemies":"Spheric Guardian","floor":21,"turns":3},{"damage":15,"enemies":"Slavers","floor":23,"turns":6},{"damage":0,"enemies":"Book of Stabbing","floor":27,"turns":6},{"damage":12,"enemies":"Snake Plant","floor":28,"turns":4},{"damage":0,"enemies":"Centurion and Healer","floor":30,"turns":5},{"damage":3,"enemies":"Gremlin Leader","floor":31,"turns":7},{"damage":21,"enemies":"Automaton","floor":33,"turns":8},{"damage":0,"enemies":"Orb Walker","floor":35,"turns":5},{"damage":2,"enemies":"3 Shapes","floor":37,"turns":3},{"damage":0,"enemies":"Giant Head","floor":41,"turns":5},{"damage":0,"enemies":"Spire Growth","floor":44,"turns":2},{"damage":1,"enemies":"Nemesis","floor":45,"turns":5},{"damage":0,"enemies":"4 Shapes","floor":46,"turns":3},{"damage":0,"enemies":"Maw","floor":48,"turns":6},{"damage":0,"enemies":"Donu and Deca","floor":50,"turns":5}],"event_choices":[{"event_name":"Match and Keep!","player_choice":"1 cards matched","floor":2,"damage_taken":0},{"event_name":"World of Goop","player_choice":"Left","floor":12,"damage_taken":0},{"event_name":"Beggar","player_choice":"Gave Gold","floor":19,"damage_taken":0},{"event_name":"Upgrade Shrine","player_choice":"Upgraded","floor":20,"damage_taken":0},{"event_name":"Forgotten Altar","player_choice":"Smashed Altar","floor":22,"damage_taken":0},{"event_name":"Vampires","player_choice":"Ignored","floor":25,"damage_taken":0},{"event_name":"N\u0027loth","player_choice":"Traded a Astrolabe","floor":29,"damage_taken":0},{"event_name":"Tomb of Lord Red Mask","player_choice":"Ignored","floor":36,"damage_taken":0},{"event_name":"SensoryStone","player_choice":"Memory 1","floor":39,"damage_taken":0}],"boss_relics":[{"not_picked":["Orrery","Tiny House"],"picked":"Astrolabe"},{"not_picked":["Sozu","Runic Pyramid"],"picked":"Black Star"}],"potions_floor_spawned":[1,3,14,16,18,28,30,31,41,45],"seed_played":"5478831940118282211","ascension_level":15,"is_trial":false}