{"path_per_floor":["M","M","M","M","M","R","M","R","T","E","R","M","?","E","R","B",null,"M","?","?","M","T","R","E","R","T","R","M","E","$","E","R"],"character_chosen":"THE_SILENT","items_purchased":["War Paint"],"gold_per_floor":[11,22,38,55,43,43,53,53,76,111,111,124,124,151,151,225,225,225,225,225,225,225,225,225,225,225,225,225,225,1,1,1,1],"floor_reached":33,"campfire_rested":3,"playtime":1932,"current_hp_per_floor":[55,55,55,37,22,22,22,41,41,4,23,18,66,53,53,29,57,57,57,57,47,47,47,36,36,36,66,50,46,46,46,46,0],"items_purged":["Strike_G"],"gold":1,"score":595,"play_id":"0b90eb37-246b-4fc6-b2f7-174738629ed4","local_time":"20180418221551","is_prod":false,"is_daily":false,"chose_seed":false,"is_ascension_mode":true,"campfire_upgraded":2,"timestamp":1524104151,"path_taken":["M","M","M","M","M","R","M","R","T","E","R","M","?","E","R","BOSS","M","?","?","M","?","R","E","R","T","R","M","E","$","E","R","BOSS"],"build_version":"2018-04-17","seed_source_timestamp":622483467518491,"purchased_purges":1,"victory":false,"master_deck":["Defend_G+1","Defend_G","Defend_G","Defend_G","Defend_G","Strike_G","Strike_G","Strike_G","Survivor","Neutralize","AscendersBane","Dagger Throw","Leg Sweep","Backflip","Cloak And Dagger","Backstab","Flying Knee","Masterful Stab","Glass Knife+1","Slice","Glass Knife","Burst","Malaise+1","PiercingWail+1","Backstab"],"max_hp_per_floor":[66,66,66,66,66,66,66,66,66,66,66,66,66,66,66,66,66,66,66,66,66,66,66,66,66,66,66,66,66,66,66,66,66],"relics":["Ring of the Snake","Girya","Bag of Preparation","Juzu Bracelet","Regal Pillow","Ectoplasm","Vajra","Old Coin","Omamori","Pantograph","War Paint","Bag of Marbles"],"card_choices":[{"not_picked":["Concentrate","Underhanded Strike"],"picked":"Dagger Throw","floor":1},{"not_picked":["Choke","Backflip"],"picked":"Leg Sweep","floor":2},{"not_picked":["Deflect","PiercingWail"],"picked":"Backflip","floor":3},{"not_picked":["A Thousand Cuts","Setup"],"picked":"Cloak And Dagger","floor":4},{"not_picked":["Flechettes","Predator"],"picked":"Caltrops","floor":5},{"not_picked":["Deadly Poison","Quick Slash"],"picked":"Backstab","floor":7},{"not_picked":["Deflect","Dagger Throw"],"picked":"Flying Knee","floor":12},{"not_picked":["Reflex","Outmaneuver"],"picked":"Masterful Stab","floor":14},{"not_picked":["Grand Finale","Phantasmal Killer"],"picked":"Glass Knife","floor":16},{"not_picked":["Deadly Poison","Underhanded Strike"],"picked":"Slice","floor":18},{"not_picked":["Backflip","Prepared"],"picked":"Malaise","floor":21},{"not_picked":["Tactician","Deflect"],"picked":"PiercingWail","floor":24},{"not_picked":["Blur","Concentrate"],"picked":"Backstab","floor":28}],"player_experience":507847,"potions_floor_usage":[4,10,14,16,16,33,33],"damage_taken":[{"damage":4,"enemies":"Small Slimes","floor":1,"turns":4},{"damage":0,"enemies":"Cultist","floor":2,"turns":5},{"damage":0,"enemies":"2 Louse","floor":3,"turns":4},{"damage":18,"enemies":"Exordium Wildlife","floor":4,"turns":10},{"damage":15,"enemies":"Exordium Thugs","floor":5,"turns":7},{"damage":0,"enemies":"Blue Slaver","floor":7,"turns":5},{"damage":37,"enemies":"Gremlin Nob","floor":10,"turns":5},{"damage":5,"enemies":"Lots of Slimes","floor":12,"turns":6},{"damage":13,"enemies":"Lagavulin","floor":14,"turns":8},{"damage":24,"enemies":"The Guardian","floor":16,"turns":16},{"damage":0,"enemies":"Spheric Guardian","floor":18,"turns":3},{"damage":10,"enemies":"Shell Parasite","floor":21,"turns":3},{"damage":11,"enemies":"Book of Stabbing","floor":24,"turns":7},{"damage":16,"enemies":"Snake Plant","floor":28,"turns":3},{"damage":4,"enemies":"Slavers","floor":29,"turns":6},{"damage":0,"enemies":"Book of Stabbing","floor":31,"turns":6},{"damage":73,"enemies":"Champ","floor":33,"turns":6}],"event_choices":[{"event_name":"Bonfire Elementals","player_choice":"UNCOMMON","floor":13,"damage_taken":0},{"event_name":"Duplicator","player_choice":"One dupe","floor":19,"damage_taken":0},{"event_name":"Transmorgrifier","player_choice":"Transform","floor":20,"damage_taken":0}],"boss_relics":[{"not_picked":["Eternal Feather","Astrolabe"],"picked":"Ectoplasm"}],"potions_floor_spawned":[1,3,4,10,12,29,31],"seed_played":"3079597093956287786","killed_by":"Champ","ascension_level":15,"is_trial":false}