{"path_per_floor":["M","$","M","?","M","E","R","E","T","M","R","?","M","?","R","B",null,"M","M","M","?","?","R","M","R","T","T","$","R","M","E","R","B",null,"M","?","M","M","$","R","M","R","T","$","M","?","$","M","R","B"],"character_chosen":"IRONCLAD","items_purchased":["Feel No Pain","Perfected Strike","Transmutation","Shockwave","Metallicize","Bandage Up","Flame Barrier"],"gold_per_floor":[116,41,54,54,73,99,99,129,210,230,230,230,243,243,243,340,340,359,369,386,386,286,286,301,301,325,348,27,27,47,81,81,186,186,198,198,217,230,73,73,85,85,140,140,156,156,30,46,46,46],"floor_reached":51,"campfire_rested":7,"playtime":23188,"current_hp_per_floor":[80,80,80,80,80,56,56,44,54,60,60,60,60,48,75,31,90,90,68,37,37,37,64,7,34,41,41,41,70,89,36,65,48,97,89,79,47,38,38,67,71,97,97,97,79,79,79,93,93,50],"items_purged":["Dark Embrace"],"gold":46,"play_id":"dd631004-4248-4f57-a9b0-cb4283f29ea8","is_prod":false,"is_daily":false,"campfire_rituals":0,"campfire_upgraded":3,"is_hardmode":false,"path_taken":["M","$","M","?","M","E","R","E","T","M","R","?","?","?","R","BOSS","M","?","M","?","?","R","?","R","T","?","$","R","M","E","R","BOSS","M","?","M","M","?","R","M","R","T","$","M","?","$","M","R","BOSS"],"build_version":"2018-01-11-PROD2","purchased_purges":1,"victory":true,"master_deck":["Strike_R","Strike_R","Strike_R","Strike_R","Strike_R","Defend_R","Defend_R","Defend_R","Defend_R","Bash","Battle Trance","Flex","Battle Trance","Flex","Reaper","Anger","Fiend Fire","Anger","Barricade","Whirlwind","Burning Pact","Power Through","Inflame","J.A.X.","Hemokinesis","Spot Weakness","Searing Blow","Perfected Strike","Transmutation","Shockwave","Battle Trance","Spot Weakness","Pommel Strike","Reaper","Armaments","Madness","Madness","Warcry","Whirlwind","Seeing Red","Headbutt","Inflame","Bandage Up","Flame Barrier","Inflame"],"max_hp_per_floor":[80,80,80,80,80,80,80,80,90,90,90,90,90,90,90,90,90,90,90,90,90,90,90,90,90,97,97,97,97,97,97,97,97,97,97,97,97,97,97,97,97,97,97,97,97,97,97,97,97,97],"relics":["Burning Blood","Dream Catcher","Darkstone Periapt","Pear","Mummified Hand","Astrolabe","Strawberry","Orichalcum","Whetstone","White Beast Statue","Frozen Egg"],"campfire_meditates":0,"card_choices":[{"not_picked":["Cleave","Disarm"],"picked":"Battle Trance"},{"not_picked":["Shrug It Off","Dual Wield"],"picked":"Flex"},{"not_picked":["Clothesline","Thunderclap"],"picked":"Impervious"},{"not_picked":["Thunderclap","Clothesline"],"picked":"Battle Trance"},{"not_picked":["Iron Wave","Feel No Pain"],"picked":"Flex"},{"not_picked":["True Grit","Sword Boomerang"],"picked":"Reaper"},{"not_picked":["Body Slam","Bloodletting"],"picked":"Clothesline"},{"not_picked":["Perfected Strike","True Grit"],"picked":"Anger"},{"not_picked":["Berserk","Dark Embrace"],"picked":"Fiend Fire"},{"not_picked":["Corruption","Iron Wave"],"picked":"Whirlwind"},{"not_picked":["Clash","Warcry"],"picked":"Burning Pact"},{"not_picked":["Anger","Clothesline"],"picked":"Power Through"},{"not_picked":["Body Slam","Sever Soul"],"picked":"Hemokinesis"},{"not_picked":["Perfected Strike","Heavy Blade"],"picked":"Spot Weakness"},{"not_picked":["Thunderclap","Infernal Blade"],"picked":"Searing Blow"},{"not_picked":["Dual Wield","Clash"],"picked":"Battle Trance"},{"not_picked":["Iron Wave","Dual Wield"],"picked":"Spot Weakness"},{"not_picked":["Twin Strike","Clothesline"],"picked":"Pommel Strike"},{"not_picked":["Feed","Juggernaut"],"picked":"Reaper"},{"not_picked":["Headbutt","Twin Strike"],"picked":"Armaments"},{"not_picked":["Sword Boomerang","Body Slam"],"picked":"Warcry"},{"not_picked":["Sword Boomerang","Hemokinesis"],"picked":"Whirlwind"},{"not_picked":["Rampage","Anger"],"picked":"Seeing Red"},{"not_picked":["Cleave","Armaments"],"picked":"Headbutt"},{"not_picked":["Clothesline","Rampage"],"picked":"Inflame"},{"not_picked":["Pommel Strike","Perfected Strike"],"picked":"Inflame"}],"player_experience":10824,"potions_floor_usage":[50,50],"damage_taken":[{"damage":3.0,"enemies":"2 Louse","floor":1.0,"turns":3.0},{"damage":0.0,"enemies":"Cultist","floor":3.0,"turns":4.0},{"damage":6.0,"enemies":"Jaw Worm","floor":5.0,"turns":2.0},{"damage":30.0,"enemies":"Gremlin Nob","floor":6.0,"turns":6.0},{"damage":18.0,"enemies":"Lagavulin","floor":8.0,"turns":5.0},{"damage":0.0,"enemies":"Looter","floor":10.0,"turns":3.0},{"damage":18.0,"enemies":"Lots of Slimes","floor":13.0,"turns":5.0},{"damage":63.0,"enemies":"The Guardian","floor":16.0,"turns":11.0},{"damage":5.0,"enemies":"Spheric Guardian","floor":18.0,"turns":3.0},{"damage":29.0,"enemies":"Shell Parasite","floor":19.0,"turns":5.0},{"damage":47.0,"enemies":"Centurion and Healer","floor":20.0,"turns":5.0},{"damage":70.0,"enemies":"Slaver and Parasite","floor":24.0,"turns":7.0},{"damage":32.0,"enemies":"3 Cultists","floor":30.0,"turns":5.0},{"damage":59.0,"enemies":"Book of Stabbing","floor":31.0,"turns":6.0},{"damage":32.0,"enemies":"Champ","floor":33.0,"turns":12.0},{"damage":14.0,"enemies":"Orb Walker","floor":35.0,"turns":4.0},{"damage":73.0,"enemies":"3 Shapes","floor":37.0,"turns":4.0},{"damage":33,"enemies":"3 Darklings","floor":38,"turns":7},{"damage":10,"enemies":"Sphere and 2 Shapes","floor":41,"turns":4},{"damage":50,"enemies":"4 Shapes","floor":45,"turns":5},{"damage":11,"enemies":"3 Darklings","floor":48,"turns":3},{"damage":121,"enemies":"Awakened One","floor":50,"turns":9}],"event_choices":[{"event_name":"The Cleric","player_choice":"Leave","floor":4.0,"damage_taken":0.0},{"event_name":"Living Wall","player_choice":"Grow","floor":12.0,"damage_taken":0.0},{"event_name":"Scrap Ooze","player_choice":"success","floor":14.0,"damage_taken":12.0},{"event_name":"The Library","player_choice":"Read","floor":21.0,"damage_taken":0.0},{"event_name":"Drug Dealer","player_choice":"Got JAXXED","floor":22.0,"damage_taken":0.0},{"event_name":"Winding Halls","player_choice":"Embrace Madness","floor":36.0,"damage_taken":0.0}],"boss_relics":[],"potions_floor_spawned":[3,6,8,20,31,35,37,38,41,45,48],"seed_played":"7296415791950760915","is_trial":false}