{"path_per_floor":["M","$","M","?","M","E","R","E","T","R","M","M","M","?","R","B",null,"M","?","?","?","M","R","E","M","T","E","$","M","R","M","R","B",null,"M","M","?","?","?","E","$","R","T","R","M","M","R","M","R"],"character_chosen":"IRONCLAD","items_purchased":["Battle Trance","Meat on the Bone","Twin Strike"],"gold_per_floor":[109,109,127,127,139,172,172,204,204,204,217,235,250,350,350,454,454,470,470,470,470,487,487,513,528,528,554,117,129,129,144,144,249,249,266,281,281,0,0,32,32,32,59,59,78,98,98,112,112],"floor_reached":50,"campfire_rested":8,"playtime":8971,"current_hp_per_floor":[75,75,74,67,73,46,70,29,29,53,42,35,41,41,65,45,80,80,80,64,49,55,55,32,28,28,34,34,43,68,64,85,31,85,59,57,57,57,57,26,26,51,51,76,76,77,77,78,89],"items_purged":["Writhe"],"gold":112,"play_id":"7c0b3c8a-1615-4280-b94c-1f293cb1ae09","is_prod":false,"is_daily":false,"is_ascension_mode":false,"campfire_upgraded":2,"path_taken":["M","?","M","?","M","E","R","E","T","R","M","?","M","?","R","BOSS","M","?","?","?","M","R","E","M","T","E","?","?","R","M","R","BOSS","M","M","?","?","?","E","$","R","T","R","?","M","R","M","R","BOSS"],"build_version":"2018-01-25-PROD3","purchased_purges":1,"victory":false,"master_deck":["Defend_R+1","Defend_R","Defend_R","Defend_R","Bash+1","Sword Boomerang+1","Armaments+1","Spot Weakness+1","Inflame","Shrug It Off","Sword Boomerang","Bludgeon","Twin Strike","Intimidate","Heavy Blade+1","Battle Trance","Twin Strike","Cleave+1","Battle Trance","Fiend Fire","Battle Trance+1","Hemokinesis+1","Feed+1","Flex","Metallicize+1","Spot Weakness"],"max_hp_per_floor":[80,80,80,80,80,80,80,80,80,80,80,80,80,80,80,80,80,80,80,80,85,85,85,85,85,85,85,85,85,85,85,85,85,85,85,85,85,85,85,85,85,85,85,85,85,85,85,89,89],"relics":["Burning Blood","Bag of Preparation","Molten Egg","Shuriken","Velvet Choker","Pantograph","Enchiridion","Toolbox","War Paint","Bag of Marbles","Meat on the Bone","Astrolabe","Red Mask","Orichalcum","Blood Vial"],"card_choices":[{"not_picked":["Corruption","Offering"],"picked":"Sword Boomerang"},{"not_picked":["Body Slam","Clash"],"picked":"Armaments"},{"not_picked":["Wild Strike","Corruption"],"picked":"Spot Weakness"},{"not_picked":["Clothesline","Flex"],"picked":"Inflame"},{"not_picked":["Dropkick","Armaments"],"picked":"Shrug It Off"},{"not_picked":["Pommel Strike","Shrug It Off"],"picked":"Sword Boomerang"},{"not_picked":["Barricade","Juggernaut"],"picked":"Bludgeon"},{"not_picked":["Bloodletting","Clothesline"],"picked":"Twin Strike"},{"not_picked":["Headbutt","Shrug It Off"],"picked":"Intimidate"},{"not_picked":["Feel No Pain","Combust"],"picked":"Heavy Blade"},{"not_picked":["Pummel","Intimidate"],"picked":"Cleave"},{"not_picked":["Flex","Sever Soul"],"picked":"Battle Trance"},{"not_picked":["Juggernaut","Limit Break"],"picked":"Fiend Fire"},{"not_picked":["Rupture","Cleave"],"picked":"Flex"},{"not_picked":["True Grit","Sever Soul"],"picked":"Metallicize"},{"not_picked":["Clash","Battle Trance"],"picked":"Spot Weakness"}],"player_experience":94900,"potions_floor_usage":[50],"damage_taken":[{"damage":11.0,"enemies":"Blue Slaver","floor":1.0,"turns":6.0},{"damage":7.0,"enemies":"Small Slimes","floor":3.0,"turns":3.0},{"damage":0.0,"enemies":"Cultist","floor":5.0,"turns":3.0},{"damage":33.0,"enemies":"Lagavulin","floor":6.0,"turns":7.0},{"damage":47.0,"enemies":"3 Sentries","floor":8.0,"turns":8.0},{"damage":17.0,"enemies":"Gremlin Gang","floor":11.0,"turns":33.0},{"damage":13.0,"enemies":"Lots of Slimes","floor":12.0,"turns":5.0},{"damage":0.0,"enemies":"Looter","floor":13.0,"turns":3.0},{"damage":26.0,"enemies":"Slime Boss","floor":16.0,"turns":7.0},{"damage":0.0,"enemies":"Chosen","floor":18.0,"turns":3.0},{"damage":0.0,"enemies":"Spheric Guardian","floor":22.0,"turns":3.0},{"damage":29.0,"enemies":"Slavers","floor":24.0,"turns":3.0},{"damage":10.0,"enemies":"Snecko","floor":25.0,"turns":3.0},{"damage":0.0,"enemies":"Gremlin Leader","floor":27.0,"turns":6.0},{"damage":9.0,"enemies":"3 Cultists","floor":29.0,"turns":4.0},{"damage":14.0,"enemies":"Centurion and Healer","floor":31.0,"turns":4.0},{"damage":72.0,"enemies":"Automaton","floor":33.0,"turns":7.0},{"damage":32.0,"enemies":"3 Darklings","floor":35.0,"turns":5.0},{"damage":8.0,"enemies":"Orb Walker","floor":36.0,"turns":3.0},{"damage":49.0,"enemies":"2 Orb Walkers","floor":40.0,"turns":6.0},{"damage":8.0,"enemies":"Sphere and 2 Shapes","floor":45.0,"turns":3.0},{"damage":7.0,"enemies":"3 Darklings","floor":46.0,"turns":4.0},{"damage":11.0,"enemies":"Maw","floor":48.0,"turns":6.0},{"damage":94,"enemies":"Time Eater","floor":50,"turns":10}],"event_choices":[{"event_name":"Golden Wing","player_choice":"Card Removal","floor":4.0,"damage_taken":0.0},{"event_name":"Golden Shrine","player_choice":"Pray","floor":14.0,"damage_taken":0.0},{"event_name":"The Mausoleum","player_choice":"Yes","floor":19.0,"damage_taken":0.0},{"event_name":"Cursed Tome","player_choice":"Obtained Book","floor":20.0,"damage_taken":0.0},{"event_name":"Forgotten Altar","player_choice":"Shed Blood","floor":21.0,"damage_taken":0.0},{"event_name":"Tomb of Lord Red Mask","player_choice":"Paid","floor":38.0,"damage_taken":0.0},{"event_name":"Mysterious Sphere","player_choice":"Ignore","floor":39.0,"damage_taken":0.0}],"boss_relics":[],"potions_floor_spawned":[3,5,11,16,29,33,36,45,46],"seed_played":"5227332652293238046","killed_by":"Time Eater","ascension_level":0,"is_trial":false}