{"path_per_floor":["M","?","$","M","?","R","E","R","T","M","?","M","M","M","R","B",null,"M","$","M","$","M","R","M","R","T","M","?","E","?","M","R","B",null,"M","M","?","?","M","R","$","R","T","R","$","R","E","$","R","B"],"character_chosen":"IRONCLAD","items_purchased":["Dropkick","Swift Potion","Weak Potion"],"gold_per_floor":[111,111,36,56,56,56,84,84,84,101,51,67,82,101,101,206,206,220,81,91,91,105,105,120,120,167,182,182,210,210,225,225,324,324,340,355,355,355,375,375,250,250,250,250,100,100,134,33,33,33],"floor_reached":51,"campfire_rested":5,"playtime":4730,"current_hp_per_floor":[72,72,72,72,77,77,58,58,58,63,63,56,51,43,66,35,77,73,73,71,71,57,57,50,73,73,71,71,60,60,62,62,40,77,71,60,50,50,41,41,41,64,64,77,77,77,45,45,68,25],"items_purged":["Strike_R","Bash","Strike_R","Defend_R"],"gold":33,"play_id":"b7147953-2167-4f4a-bf8f-8161b68a3664","is_prod":false,"is_daily":false,"is_ascension_mode":false,"campfire_upgraded":6,"path_taken":["M","?","$","M","?","R","E","R","T","M","?","M","M","M","R","BOSS","M","$","M","$","M","R","M","R","T","M","?","E","?","M","R","BOSS","M","M","?","?","M","R","$","R","T","R","$","R","E","?","R","BOSS"],"build_version":"2018-02-01-PROD3","purchased_purges":4,"victory":true,"master_deck":["Defend_R+1","Defend_R+1","Defend_R+1","Thunderclap","Inflame+1","Offering+1","Spot Weakness+1","Metallicize+1","Offering","Dropkick","Clumsy","Exhume","Pommel Strike","Dual Wield+1","Madness","Madness+1"],"max_hp_per_floor":[72,72,72,72,77,77,77,77,77,77,77,77,77,77,77,77,77,77,77,77,77,77,77,77,77,77,77,77,77,77,77,77,77,77,77,77,77,77,77,77,77,77,77,77,77,77,77,77,77,77],"relics":["Burning Blood","Centennial Puzzle","Whetstone","Cursed Key","Omamori","Juzu Bracelet","Orrery","Du-Vu Doll","Shovel"],"card_choices":[{"not_picked":["Body Slam","Shockwave"],"picked":"Offering"},{"not_picked":["Clash","Twin Strike"],"picked":"Spot Weakness"},{"not_picked":["True Grit","Sword Boomerang"],"picked":"Metallicize"},{"not_picked":["Reaper","Bludgeon"],"picked":"Offering"},{"not_picked":["Bludgeon","Impervious"],"picked":"Exhume"},{"not_picked":["Flex","Offering"],"picked":"Pommel Strike"},{"not_picked":["Disarm","Burning Pact"],"picked":"Dual Wield"}],"player_experience":145074,"potions_floor_usage":[7,16,16,24,29,31,33,39,47,50,50],"damage_taken":[{"damage":5,"enemies":"Small Slimes","floor":1,"turns":3},{"damage":6,"enemies":"Cultist","floor":4,"turns":3},{"damage":25,"enemies":"Lagavulin","floor":7,"turns":6},{"damage":1,"enemies":"2 Louse","floor":10,"turns":2},{"damage":13,"enemies":"2 Fungi Beasts","floor":12,"turns":2},{"damage":11,"enemies":"Exordium Thugs","floor":13,"turns":3},{"damage":14,"enemies":"Looter","floor":14,"turns":2},{"damage":37,"enemies":"Hexaghost","floor":16,"turns":8},{"damage":10,"enemies":"Spheric Guardian","floor":18,"turns":3},{"damage":8,"enemies":"Shell Parasite","floor":20,"turns":1},{"damage":20,"enemies":"Snake Plant","floor":22,"turns":2},{"damage":13,"enemies":"Slaver and Parasite","floor":24,"turns":2},{"damage":8,"enemies":"Cultist and Chosen","floor":27,"turns":2},{"damage":17,"enemies":"Book of Stabbing","floor":29,"turns":2},{"damage":4,"enemies":"3 Cultists","floor":31,"turns":4},{"damage":28,"enemies":"Collector","floor":33,"turns":6},{"damage":12,"enemies":"Orb Walker","floor":35,"turns":2},{"damage":17,"enemies":"3 Shapes","floor":36,"turns":2},{"damage":15,"enemies":"Maw","floor":39,"turns":5},{"damage":38,"enemies":"Nemesis","floor":47,"turns":4},{"damage":49,"enemies":"Time Eater","floor":50,"turns":6}],"event_choices":[{"event_name":"Liars Game","player_choice":"disagreed","floor":2,"damage_taken":0},{"event_name":"Big Fish","player_choice":"Donut","floor":5,"damage_taken":0},{"event_name":"The Cleric","player_choice":"Card Removal","floor":11,"damage_taken":0},{"event_name":"Drug Dealer","player_choice":"Ignored","floor":28,"damage_taken":0},{"event_name":"Back to Basics","player_choice":"Simplicity","floor":30,"damage_taken":0},{"event_name":"Winding Halls","player_choice":"Embrace Madness","floor":37,"damage_taken":0},{"event_name":"Mysterious Sphere","player_choice":"Ignore","floor":38,"damage_taken":0}],"boss_relics":[{"not_picked":["White Beast Statue","Eternal Feather"],"picked":"Cursed Key"},{"not_picked":["Tiny House","Philosopher\u0027s Stone"],"picked":"Orrery"}],"potions_floor_spawned":[1,7,12,14,16,20,22,24,35,39,47],"seed_played":"821221191102791456","ascension_level":0,"is_trial":false}