{"path_per_floor":["M","M","?","M","?","?","E","R","T","?","M","M","R","M","R","B",null,"M","$","M"],"character_chosen":"IRONCLAD","items_purchased":["Ginger"],"gold_per_floor":[16,34,34,53,128,128,172,172,172,152,168,184,184,205,205,331,331,322,14,29],"floor_reached":21,"campfire_rested":2,"playtime":2295,"current_hp_per_floor":[80,75,55,64,53,53,9,33,33,33,39,31,55,78,78,14,80,64,64,33],"items_purged":[],"gold":29,"play_id":"131c8eac-bd33-4d9f-b538-9de3eebe0d6e","is_prod":false,"is_daily":false,"is_ascension_mode":false,"campfire_upgraded":1,"path_taken":["M","M","?","M","?","?","E","R","T","?","M","?","R","M","R","BOSS","M","$","M","M"],"build_version":"2018-01-25-PROD3","purchased_purges":0,"victory":false,"master_deck":["Strike_R","Strike_R","Strike_R","Strike_R","Defend_R","Defend_R","Defend_R","Defend_R","Bash","Reaper","Shrug It Off","Pommel Strike","Pommel Strike","Flex","Perfected Strike+1","Demon Form","Shrug It Off"],"max_hp_per_floor":[80,80,80,80,80,80,80,80,80,80,80,80,80,80,80,80,80,80,80,80],"relics":["Burning Blood","Golden Idol","Dodecahedron","Bag of Preparation","Lizard Tail","Ginger"],"card_choices":[{"not_picked":["Juggernaut","Berserk"],"picked":"Reaper"},{"not_picked":["Warcry","Clothesline"],"picked":"Shrug It Off"},{"not_picked":["Warcry","Headbutt"],"picked":"Pommel Strike"},{"not_picked":["Intimidate","Twin Strike"],"picked":"Pommel Strike"},{"not_picked":["Clash","Twin Strike"],"picked":"Flex"},{"not_picked":["Inflame","True Grit"],"picked":"Perfected Strike"},{"not_picked":["Limit Break","Fiend Fire"],"picked":"Demon Form"},{"not_picked":["Hemokinesis","Havoc"],"picked":"Shrug It Off"}],"player_experience":107431,"potions_floor_usage":[],"damage_taken":[{"damage":6.0,"enemies":"Cultist","floor":1.0,"turns":3.0},{"damage":11.0,"enemies":"Blue Slaver","floor":2.0,"turns":7.0},{"damage":5.0,"enemies":"2 Louse","floor":4.0,"turns":3.0},{"damage":54.0,"enemies":"Lagavulin","floor":7.0,"turns":12.0},{"damage":9.0,"enemies":"2 Fungi Beasts","floor":11.0,"turns":3.0},{"damage":22.0,"enemies":"Exordium Thugs","floor":12.0,"turns":8.0},{"damage":1.0,"enemies":"3 Louse","floor":14.0,"turns":4.0},{"damage":78.0,"enemies":"Hexaghost","floor":16.0,"turns":11.0},{"damage":22.0,"enemies":"2 Thieves","floor":18.0,"turns":4.0},{"damage":37,"enemies":"3 Byrds","floor":20,"turns":8},{"damage":0,"enemies":"Centurion and Healer","floor":21,"turns":1}],"event_choices":[{"event_name":"Golden Idol","player_choice":"Take Damage","floor":3.0,"damage_taken":0.0},{"event_name":"World of Goop","player_choice":"Gather Gold","floor":5.0,"damage_taken":0.0},{"event_name":"Purifier","player_choice":"One Purge","floor":6.0,"damage_taken":0.0},{"event_name":"The Woman in Blue","player_choice":"Bought 1 Potion","floor":10.0,"damage_taken":0.0}],"boss_relics":[],"potions_floor_spawned":[4,7,16,18],"seed_played":"6649929890487017430","killed_by":"Centurion and Healer","ascension_level":0,"is_trial":false}