{"path_per_floor":["M","?","?","?","$","E","M","R","T","R","M","E","M","M","R","B",null,"M","?","$","M","?","E","R","M","T","R","M","?","R","M","R","B",null,"M","M","?","?"],"character_chosen":"IRONCLAD","items_purchased":["Whirlwind","Flash of Steel"],"gold_per_floor":[111,111,111,286,37,102,120,120,146,146,164,198,211,221,221,317,317,332,332,332,349,349,379,379,392,416,416,427,427,427,439,439,534,534,553,567,567,567],"floor_reached":39,"campfire_rested":7,"playtime":1646,"current_hp_per_floor":[79,79,54,54,54,34,33,58,58,83,85,71,72,68,92,25,92,94,94,94,66,66,15,44,26,26,56,48,32,62,56,87,26,106,66,61,88,88],"items_purged":["Doubt"],"gold":567,"score":460,"play_id":"44f4d82c-b2bf-4b59-96fd-01d5c7c27cb8","local_time":"20180316033243","is_prod":false,"is_daily":false,"is_ascension_mode":false,"campfire_upgraded":0,"timestamp":1521185563,"path_taken":["M","?","?","?","$","E","M","R","T","R","M","E","M","M","R","BOSS","M","?","?","M","?","E","R","M","T","R","M","?","R","M","R","BOSS","M","M","?","?","M"],"build_version":"2018-03-15","purchased_purges":1,"victory":false,"master_deck":["Defend_R","Defend_R","Defend_R","Defend_R","Bash","Flex","Rage","Whirlwind","Flash of Steel","Double Tap","Bite","Bite","Bite","Bite","Bite","Necronomicurse","Bloodletting+1","Writhe"],"max_hp_per_floor":[80,80,80,80,80,82,84,84,84,84,86,88,90,92,92,92,92,94,94,94,96,96,98,98,100,100,100,102,102,102,104,104,106,106,106,108,108,108],"relics":["Black Star","Ornamental Fan","Singing Bowl","Tiny Chest","Anchor","Pen Nib","Bronze Scales","Lizard Tail","Oddly Smooth Stone","Ancient Tea Set","Juzu Bracelet","Necronomicon","Cursed Key"],"card_choices":[{"not_picked":["True Grit","Pummel"],"picked":"Flex"},{"not_picked":["Demon Form","Impervious"],"picked":"Double Tap"},{"not_picked":["Iron Wave","Burning Pact"],"picked":"Bloodletting"}],"player_experience":244986,"potions_floor_usage":[23,23,23,33],"damage_taken":[{"damage":1.0,"enemies":"2 Louse","floor":1.0,"turns":3.0},{"damage":22.0,"enemies":"Lagavulin","floor":6.0,"turns":9.0},{"damage":3.0,"enemies":"Cultist","floor":7.0,"turns":4.0},{"damage":0.0,"enemies":"Jaw Worm","floor":11.0,"turns":3.0},{"damage":16.0,"enemies":"Gremlin Nob","floor":12.0,"turns":4.0},{"damage":1.0,"enemies":"3 Louse","floor":13.0,"turns":3.0},{"damage":6.0,"enemies":"Blue Slaver","floor":14.0,"turns":3.0},{"damage":67.0,"enemies":"Hexaghost","floor":16.0,"turns":10.0},{"damage":0.0,"enemies":"3 Byrds","floor":18.0,"turns":5.0},{"damage":30.0,"enemies":"Shell Parasite","floor":21.0,"turns":6.0},{"damage":63,"enemies":"Gremlin Leader","floor":23,"turns":8},{"damage":34,"enemies":"Snecko","floor":25,"turns":4},{"damage":32,"enemies":"Slaver and Parasite","floor":28,"turns":7},{"damage":12,"enemies":"3 Cultists","floor":31,"turns":3},{"damage":144,"enemies":"Collector","floor":33,"turns":14},{"damage":50,"enemies":"3 Darklings","floor":35,"turns":6},{"damage":9,"enemies":"3 Shapes","floor":36,"turns":2},{"damage":117,"enemies":"Maw","floor":39,"turns":8}],"event_choices":[{"event_name":"Match and Keep!","player_choice":"1 cards matched","floor":2.0,"damage_taken":0.0},{"event_name":"Scrap Ooze","player_choice":"success","floor":3.0,"damage_taken":25.0},{"event_name":"Liars Game","player_choice":"agreed","floor":4.0,"damage_taken":0.0},{"event_name":"The Mausoleum","player_choice":"Yes","floor":19.0,"damage_taken":0.0},{"event_name":"Vampires","player_choice":"Became a vampire (Vial)","floor":22.0,"damage_taken":0.0},{"event_name":"Cursed Tome","player_choice":"Obtained Book","floor":29,"damage_taken":0},{"event_name":"Winding Halls","player_choice":"Writhe","floor":37,"damage_taken":0},{"event_name":"Mysterious Sphere","player_choice":"Ignore","floor":38,"damage_taken":0}],"boss_relics":[{"not_picked":["Runic Pyramid","Snecko Eye"],"picked":"Cursed Key"}],"potions_floor_spawned":[1,7,11,16,18,21,31,33],"seed_played":"-4615262731243133652","killed_by":"Maw","ascension_level":0,"is_trial":false}