{"path_per_floor":["M","?","T","M","M","R","E","M","T","R","M","R","M","M","R","B",null,"M","?","M","?","M","R","$","M","T","R","M","?"],"character_chosen":"THE_SILENT","items_purchased":["Vajra","War Paint"],"gold_per_floor":[114,114,139,151,171,171,198,181,181,181,191,191,206,218,218,313,313,324,324,304,304,324,324,27,42,90,90,102,27],"floor_reached":30,"campfire_rested":6,"playtime":1439,"current_hp_per_floor":[63,45,45,36,36,57,21,15,15,36,9,30,21,7,28,7,72,32,32,20,20,12,34,34,11,11,33,23,23],"items_purged":[],"gold":27,"score":234,"play_id":"67ef28ac-84de-4715-b196-6877a48dc9cf","is_prod":false,"is_daily":false,"is_ascension_mode":false,"campfire_upgraded":0,"path_taken":["M","?","?","M","M","R","E","?","T","R","M","R","M","M","R","BOSS","M","?","M","?","M","R","$","M","T","R","M","?","E"],"build_version":"2018-02-12-PROD1","purchased_purges":0,"victory":false,"master_deck":["Defend_G+1","Defend_G","Defend_G","Strike_G","Strike_G","Strike_G","Survivor","Neutralize","Accuracy","Accuracy","Acrobatics","PiercingWail+1","Envenom","Leg Sweep","Flying Knee","Bane","Noxious Fumes","Phantasmal Killer","Infinite Blades+1","Cloak And Dagger+1","Masterful Stab+1","Cloak And Dagger","Writhe","Catalyst","Accuracy","Cloak And Dagger","Poisoned Stab"],"max_hp_per_floor":[70,70,70,72,72,72,72,72,72,72,72,72,72,72,72,72,72,72,72,74,74,74,74,74,74,74,74,74,74],"relics":["Ring of the Snake","Prayer Wheel","Singing Bowl","Bag of Preparation","Art of War","Du-Vu Doll","Astrolabe","Peace Pipe","Juzu Bracelet","Vajra","War Paint","Omamori"],"card_choices":[{"not_picked":["Calculated Gamble","Slice"],"picked":"Accuracy"},{"not_picked":["Bane","Catalyst"],"picked":"Accuracy"},{"not_picked":["Prepared","Footwork"],"picked":"Acrobatics"},{"not_picked":["Bane","Slice"],"picked":"PiercingWail"},{"not_picked":["Endless Agony","Deflect"],"picked":"Envenom"},{"not_picked":["Footwork","Malaise"],"picked":"Leg Sweep"},{"not_picked":["Underhanded Strike","Poisoned Stab"],"picked":"Flying Knee"},{"not_picked":["Well Laid Plans","Reflex"],"picked":"Bane"},{"not_picked":["Dodge and Roll","Underhanded Strike"],"picked":"Noxious Fumes"},{"not_picked":["Tools of the Trade","Envenom"],"picked":"Phantasmal Killer"},{"not_picked":["Deflect","Poisoned Stab"],"picked":"Cloak And Dagger"},{"not_picked":["Deadly Poison","Backflip"],"picked":"Catalyst"},{"not_picked":["Catalyst","Finisher"],"picked":"Accuracy"},{"not_picked":["Acrobatics","Catalyst"],"picked":"Cloak And Dagger"},{"not_picked":["Bane","Setup"],"picked":"Poisoned Stab"}],"player_experience":102202,"potions_floor_usage":[5,11,14,18,22,25,28],"damage_taken":[{"damage":7,"enemies":"Cultist","floor":1,"turns":4},{"damage":11,"enemies":"Blue Slaver","floor":4,"turns":7},{"damage":0,"enemies":"2 Louse","floor":5,"turns":2},{"damage":36,"enemies":"3 Sentries","floor":7,"turns":14},{"damage":6,"enemies":"Exordium Thugs","floor":8,"turns":6},{"damage":27,"enemies":"Gremlin Gang","floor":11,"turns":10},{"damage":9,"enemies":"Large Slime","floor":13,"turns":9},{"damage":14,"enemies":"Exordium Wildlife","floor":14,"turns":4},{"damage":21,"enemies":"Hexaghost","floor":16,"turns":13},{"damage":40,"enemies":"Shell Parasite","floor":18,"turns":5},{"damage":14,"enemies":"2 Thieves","floor":20,"turns":4},{"damage":8,"enemies":"Snecko","floor":22,"turns":5},{"damage":23,"enemies":"Centurion and Healer","floor":25,"turns":6},{"damage":10,"enemies":"Snake Plant","floor":28,"turns":4},{"damage":28,"enemies":"Slavers","floor":30,"turns":3}],"event_choices":[{"event_name":"Scrap Ooze","player_choice":"success","floor":2,"damage_taken":18},{"event_name":"Wheel of Change","player_choice":"Relic","floor":19,"damage_taken":0},{"event_name":"The Mausoleum","player_choice":"Yes","floor":21,"damage_taken":0},{"event_name":"Beggar","player_choice":"Gave Gold","floor":29,"damage_taken":0}],"boss_relics":[{"not_picked":["The Specimen","Velvet Choker"],"picked":"Astrolabe"}],"potions_floor_spawned":[4,8,13,16,20,22,25],"seed_played":"-3409911393299033577","killed_by":"Slavers","ascension_level":0,"is_trial":false}