{"path_per_floor":["M","?","?","M","?","?","R","M","T","?","M","M","E","M","R","B",null,"M","M","?","$","?","R","M","M","T"],"character_chosen":"THE_SILENT","items_purchased":["Kunai","Pen Nib","Prayer Wheel","Caltrops","Dodge and Roll"],"gold_per_floor":[114,114,114,125,125,125,125,140,164,164,187,203,239,260,260,391,391,412,436,686,45,45,45,58,77,77],"floor_reached":27,"campfire_rested":2,"playtime":836,"current_hp_per_floor":[62,62,62,50,50,38,59,57,57,57,53,45,32,32,68,53,70,65,60,60,60,60,60,24,8,8],"items_purged":[],"gold":77,"score":215,"play_id":"589e5992-ea04-467f-9603-29d46dc880db","is_prod":false,"is_daily":false,"is_ascension_mode":false,"campfire_upgraded":1,"path_taken":["M","?","?","M","?","?","R","M","T","?","M","M","E","M","R","BOSS","M","M","?","$","?","R","?","M","T","M"],"build_version":"2018-02-12-PROD1","purchased_purges":0,"victory":false,"master_deck":["Defend_G","Defend_G","Defend_G","Defend_G","Defend_G","Strike_G","Strike_G","Strike_G","Strike_G","Survivor","Neutralize","Backstab","Blur","Riddle With Holes","Terror","Dash","Dagger Spray","All Out Attack","Envenom+1","Backstab","Escape Plan","Regret","Caltrops","Dodge and Roll","Outmaneuver","Blade Dance","Distraction"],"max_hp_per_floor":[70,70,70,70,70,70,70,70,70,70,70,70,70,70,70,70,70,70,70,70,70,70,70,70,70,70],"relics":["Ring of the Snake","Oddly Smooth Stone","Golden Idol","Bronze Scales","Regal Pillow","Unceasing Top","The Specimen","Kunai","Pen Nib","Prayer Wheel","Ginger"],"card_choices":[{"not_picked":["Well Laid Plans","Deflect"],"picked":"Backstab"},{"not_picked":["Flying Knee","Quick Slash"],"picked":"Blur"},{"not_picked":["Dagger Spray","Sucker Punch"],"picked":"Riddle With Holes"},{"not_picked":["Choke","Wraith Form"],"picked":"Terror"},{"not_picked":["Acrobatics","Underhanded Strike"],"picked":"Dash"},{"not_picked":["Reflex","Dagger Throw"],"picked":"Dagger Spray"},{"not_picked":["Dagger Throw","Dodge and Roll"],"picked":"All Out Attack"},{"not_picked":["Grand Finale","Die Die Die"],"picked":"Envenom"},{"not_picked":["Concentrate","Acrobatics"],"picked":"Backstab"},{"not_picked":["Reflex","Caltrops"],"picked":"Escape Plan"},{"not_picked":["Eviscerate","Slice"],"picked":"Outmaneuver"},{"not_picked":["Backflip","PiercingWail"],"picked":"Blade Dance"},{"not_picked":["Expertise","Blade Dance"],"picked":"Distraction"}],"player_experience":96680,"potions_floor_usage":[4,12,13,16,19,24,25],"damage_taken":[{"damage":8,"enemies":"2 Louse","floor":1,"turns":3},{"damage":12,"enemies":"Blue Slaver","floor":4,"turns":5},{"damage":2,"enemies":"Jaw Worm","floor":8,"turns":4},{"damage":4,"enemies":"3 Louse","floor":11,"turns":3},{"damage":8,"enemies":"Exordium Wildlife","floor":12,"turns":2},{"damage":13,"enemies":"Lagavulin","floor":13,"turns":7},{"damage":0,"enemies":"Looter","floor":14,"turns":2},{"damage":15,"enemies":"The Guardian","floor":16,"turns":12},{"damage":5,"enemies":"Chosen","floor":18,"turns":6},{"damage":5,"enemies":"Shell Parasite","floor":19,"turns":6},{"damage":36,"enemies":"Cultist and Chosen","floor":24,"turns":8},{"damage":16,"enemies":"Snake Plant","floor":25,"turns":4},{"damage":9,"enemies":"Slaver and Parasite","floor":27,"turns":2}],"event_choices":[{"event_name":"Purifier","player_choice":"One Purge","floor":2,"damage_taken":0},{"event_name":"Big Fish","player_choice":"Box","floor":3,"damage_taken":0},{"event_name":"Golden Idol","player_choice":"Take Wound","floor":5,"damage_taken":0},{"event_name":"Scrap Ooze","player_choice":"success","floor":6,"damage_taken":12},{"event_name":"Fountain of Cleansing","player_choice":"Removed Curse","floor":10,"damage_taken":0},{"event_name":"Golden Shrine","player_choice":"Desecrate","floor":20,"damage_taken":0},{"event_name":"Vampires","player_choice":"Ignored","floor":22,"damage_taken":0}],"boss_relics":[{"not_picked":["Eternal Feather","Velvet Choker"],"picked":"The Specimen"}],"potions_floor_spawned":[1,11,12,13,18,19,24],"seed_played":"3587790598423540954","killed_by":"Slaver and Parasite","ascension_level":0,"is_trial":false}