{"path_per_floor":["M","?","M","?","M","E","M","M","T","$","R","M","?","M","R","B",null,"M","?","$","M","?","R","$","M","T","R","M","$","R","M","R"],"character_chosen":"THE_SILENT","items_purchased":["Medical Kit","Tiny Chest","Footwork","Cloak And Dagger"],"gold_per_floor":[117,117,132,132,150,184,195,214,238,38,38,58,58,75,75,172,172,186,186,3,18,18,18,18,35,61,61,76,29,29,47,47],"floor_reached":33,"campfire_rested":5,"playtime":1371,"current_hp_per_floor":[67,67,62,70,70,61,44,42,42,42,63,49,49,49,70,9,70,70,70,70,61,61,61,61,48,48,69,40,40,61,26,47],"items_purged":[],"gold":47,"score":249,"play_id":"ff829830-885a-4274-a874-18b26a24e6db","is_prod":false,"is_daily":false,"is_ascension_mode":false,"campfire_upgraded":1,"path_taken":["M","?","M","?","M","E","M","M","T","$","R","M","?","M","R","BOSS","M","?","$","M","?","R","?","M","T","R","M","$","R","M","R","BOSS"],"build_version":"2018-02-15-PROD1","purchased_purges":0,"victory":false,"master_deck":["Defend_G","Defend_G","Defend_G","Defend_G","Defend_G","Strike_G","Strike_G","Strike_G","Strike_G","Survivor","Neutralize","Heel Hook","Poisoned Stab","Deflect","Flying Knee+1","Outmaneuver","Dodge and Roll","Dash+1","Acrobatics","Endless Agony+1","Burst","Dash+1","Poisoned Stab+1","Dagger Throw+1","Setup","Endless Agony+1","Flying Knee+1","Footwork","PiercingWail+1","Dash+1","Endless Agony+1","Sucker Punch+1","Cloak And Dagger","Caltrops"],"max_hp_per_floor":[70,70,70,70,70,70,70,70,70,70,70,70,70,70,70,70,70,70,70,70,70,70,70,70,70,70,70,70,70,70,70,70],"relics":["Ring of the Snake","Molten Egg 2","Bronze Scales","Medical Kit","Nloth\u0027s Gift","Tiny Chest","Prayer Wheel","Bag of Marbles"],"card_choices":[{"not_picked":["Acrobatics","Slice"],"picked":"Heel Hook"},{"not_picked":["Underhanded Strike","Skewer"],"picked":"Poisoned Stab"},{"not_picked":["Cloak And Dagger","Bane"],"picked":"Dash"},{"not_picked":["Masterful Stab","Underhanded Strike"],"picked":"Deflect"},{"not_picked":["Masterful Stab","Deflect"],"picked":"Flying Knee"},{"not_picked":["Flechettes","Flying Knee"],"picked":"Outmaneuver"},{"not_picked":["Caltrops","Underhanded Strike"],"picked":"Dodge and Roll"},{"not_picked":["Dagger Spray","Deadly Poison"],"picked":"Dash"},{"not_picked":["Infinite Blades","Backstab"],"picked":"Endless Agony"},{"not_picked":["Unload","Phantasmal Killer"],"picked":"Burst"},{"not_picked":["Concentrate","Endless Agony"],"picked":"Dash"},{"not_picked":["Endless Agony","Slice"],"picked":"Poisoned Stab"},{"not_picked":["Expertise","Slice"],"picked":"Dagger Throw"},{"not_picked":["Dodge and Roll","Sucker Punch"],"picked":"Setup"},{"not_picked":["PiercingWail","Quick Slash"],"picked":"Endless Agony"},{"not_picked":["Poisoned Stab","Backflip"],"picked":"Flying Knee"},{"not_picked":["Deadly Poison","Deflect"],"picked":"PiercingWail"},{"not_picked":["Doppelganger","Riddle With Holes"],"picked":"Dash"},{"not_picked":["Deflect","Footwork"],"picked":"Endless Agony"},{"not_picked":["Deadly Poison","PiercingWail"],"picked":"Sucker Punch"},{"not_picked":["Quick Slash","Slice"],"picked":"Caltrops"}],"player_experience":112544,"potions_floor_usage":[3,3,3,6,6,12,16,21,25,33],"damage_taken":[{"damage":3,"enemies":"Cultist","floor":1,"turns":5},{"damage":5,"enemies":"Small Slimes","floor":3,"turns":2},{"damage":0,"enemies":"2 Louse","floor":5,"turns":3},{"damage":18,"enemies":"3 Sentries","floor":6,"turns":8},{"damage":17,"enemies":"Red Slaver","floor":7,"turns":5},{"damage":2,"enemies":"Blue Slaver","floor":8,"turns":4},{"damage":14,"enemies":"Large Slime","floor":12,"turns":5},{"damage":0,"enemies":"Exordium Wildlife","floor":14,"turns":3},{"damage":61,"enemies":"Hexaghost","floor":16,"turns":15},{"damage":0,"enemies":"3 Byrds","floor":18,"turns":4},{"damage":9,"enemies":"Chosen","floor":21,"turns":5},{"damage":13,"enemies":"Slaver and Parasite","floor":25,"turns":7},{"damage":29,"enemies":"Snake Plant","floor":28,"turns":4},{"damage":35,"enemies":"Cultist and Chosen","floor":31,"turns":10},{"damage":58,"enemies":"Champ","floor":33,"turns":14}],"event_choices":[{"event_name":"The Lab","player_choice":"Got Potions","floor":2,"damage_taken":0},{"event_name":"Bonfire Elementals","player_choice":"UNCOMMON","floor":4,"damage_taken":0},{"event_name":"Living Wall","player_choice":"Change","floor":13,"damage_taken":0},{"event_name":"N\u0027loth","player_choice":"Traded a Orrery","floor":19,"damage_taken":0},{"event_name":"The Mausoleum","player_choice":"Yes","floor":22,"damage_taken":0}],"boss_relics":[{"not_picked":["Astrolabe","Snecko Eye"],"picked":"Orrery"}],"potions_floor_spawned":[3,5,8,14,16,21,31],"seed_played":"-8188267570638115802","killed_by":"Champ","ascension_level":0,"is_trial":false}