{"path_per_floor":["M","M","M","?","M","$","M","R","T","?","M","?","M","M","R","B",null,"M","T","?","M","M","R","E","R","T","M","?","$","R","M","R","B",null,"M","?","?","$","?","R"],"character_chosen":"IRONCLAD","items_purchased":["Anchor","Hemokinesis","Thinking Ahead","Paper Frog","Explosive Potion"],"gold_per_floor":[113,127,140,140,157,12,28,28,28,101,121,121,133,145,145,250,250,268,268,268,279,295,295,328,328,351,366,366,65,65,85,85,189,189,204,304,304,9,9,9],"floor_reached":41,"campfire_rested":2,"playtime":2191,"current_hp_per_floor":[80,78,66,66,71,71,76,76,76,76,61,80,74,77,77,25,80,39,46,30,21,26,52,29,55,55,56,56,56,56,38,38,31,87,60,60,60,60,50,50],"items_purged":["Defend_R"],"gold":9,"play_id":"83c4d255-b5fb-4007-b857-ebbb6affe8d9","is_prod":false,"is_daily":false,"campfire_rituals":0,"campfire_upgraded":5,"is_hardmode":false,"path_taken":["M","M","M","?","M","$","M","R","T","?","M","?","M","M","R","BOSS","M","?","?","M","M","R","E","R","T","M","?","?","R","M","R","BOSS","M","?","?","$","?","R","E"],"build_version":"2018-01-18-PROD4","purchased_purges":1,"victory":false,"master_deck":["Strike_R","Strike_R","Strike_R","Strike_R","Defend_R","Bash","Combust","Searing Blow","Seeing Red","Infernal Blade","Uppercut","Offering","Rupture","Rupture","Rage","Dual Wield","Necronomicurse","Shockwave","Cleave","Clash","Hemokinesis","Thinking Ahead","Heavy Blade","Barricade","Madness","Madness"],"max_hp_per_floor":[80,80,80,80,80,80,80,80,80,80,80,80,80,80,80,80,80,80,87,87,87,87,87,87,87,87,87,87,87,87,87,87,87,87,87,87,87,87,87,87],"relics":["Black Blood","Anchor","Pantograph","Astrolabe","Strawberry","Necronomicon","Lantern","Juzu Bracelet","Shuriken","Paper Frog"],"campfire_meditates":0,"card_choices":[{"not_picked":["Anger","Twin Strike"],"picked":"Combust"},{"not_picked":["Disarm","Juggernaut"],"picked":"Searing Blow"},{"not_picked":["Heavy Blade","Twin Strike"],"picked":"Seeing Red"},{"not_picked":["Pommel Strike","Iron Wave"],"picked":"Blood for Blood"},{"not_picked":["Iron Wave","Combust"],"picked":"Infernal Blade"},{"not_picked":["Metallicize","Warcry"],"picked":"Uppercut"},{"not_picked":["Feed","Impervious"],"picked":"Offering"},{"not_picked":["True Grit","Pummel"],"picked":"Dual Wield"},{"not_picked":["Shrug It Off","Iron Wave"],"picked":"Shockwave"},{"not_picked":["Disarm","Battle Trance"],"picked":"Cleave"},{"not_picked":["Heavy Blade","Sword Boomerang"],"picked":"Clash"},{"not_picked":["Iron Wave","Second Wind"],"picked":"Heavy Blade"},{"not_picked":["Dark Embrace","Fiend Fire"],"picked":"Barricade"}],"player_experience":14040,"potions_floor_usage":[16,16,16,24,24,24,27,41],"damage_taken":[{"damage":3,"enemies":"Small Slimes","floor":1,"turns":3},{"damage":8,"enemies":"2 Louse","floor":2,"turns":3},{"damage":18,"enemies":"Blue Slaver","floor":3,"turns":4},{"damage":1,"enemies":"Exordium Wildlife","floor":5,"turns":3},{"damage":1,"enemies":"3 Louse","floor":7,"turns":4},{"damage":21,"enemies":"Gremlin Gang","floor":11,"turns":4},{"damage":12,"enemies":"2 Fungi Beasts","floor":13,"turns":3},{"damage":3,"enemies":"Exordium Wildlife","floor":14,"turns":3},{"damage":61,"enemies":"Slime Boss","floor":16,"turns":10},{"damage":47,"enemies":"3 Byrds","floor":18,"turns":5},{"damage":15,"enemies":"Spheric Guardian","floor":21,"turns":3},{"damage":1,"enemies":"Chosen and Byrds","floor":22,"turns":2},{"damage":29,"enemies":"Slavers","floor":24,"turns":4},{"damage":5,"enemies":"3 Cultists","floor":27,"turns":2},{"damage":24,"enemies":"Slaver and Parasite","floor":31,"turns":4},{"damage":38,"enemies":"Collector","floor":33,"turns":5},{"damage":37,"enemies":"3 Shapes","floor":35,"turns":5},{"damage":50,"enemies":"Nemesis","floor":41,"turns":6}],"event_choices":[{"event_name":"Living Wall","player_choice":"Grow","floor":4,"damage_taken":0},{"event_name":"Golden Wing","player_choice":"Gained Gold","floor":10,"damage_taken":0},{"event_name":"Bonfire Elementals","player_choice":"UNCOMMON","floor":12,"damage_taken":0},{"event_name":"Cursed Tome","player_choice":"Obtained Book","floor":20,"damage_taken":0},{"event_name":"The Mausoleum","player_choice":"Yes","floor":28,"damage_taken":0},{"event_name":"Golden Shrine","player_choice":"Pray","floor":36,"damage_taken":0},{"event_name":"Tomb of Lord Red Mask","player_choice":"Ignored","floor":37,"damage_taken":0},{"event_name":"Winding Halls","player_choice":"Embrace Madness","floor":39,"damage_taken":0}],"boss_relics":[{"not_picked":["Ectoplasm","Snecko Eye"],"picked":"Astrolabe"},{"not_picked":["Sozu","Velvet Choker"],"picked":"Black Blood"}],"potions_floor_spawned":[2,5,11,14,16,21,22,24],"seed_played":"1065059557721547410","killed_by":"Nemesis","is_trial":false}