{"path_per_floor":["M","?","$","?","?","R","M","$","T","M","R","M","M","M","R","B",null,"M","?","?","M","M","R","M","$","T","M","R","M","M","M","R"],"character_chosen":"IRONCLAD","items_purchased":["Thunderclap","Regal Pillow"],"gold_per_floor":[118,118,43,218,218,218,232,87,114,130,130,148,162,182,182,282,282,292,217,217,232,251,251,268,0,0,11,11,22,36,55,55],"floor_reached":33,"campfire_rested":3,"playtime":1686,"current_hp_per_floor":[80,80,80,80,77,77,72,72,72,74,74,77,80,80,80,77,80,77,77,77,65,40,64,39,39,39,30,69,69,52,53,80],"items_purged":["Bash","Strike_R","Strike_R"],"gold":55,"play_id":"9e25d743-4d31-49eb-86db-642cf07a7bad","is_prod":false,"is_daily":false,"is_ascension_mode":false,"campfire_upgraded":3,"path_taken":["M","?","$","?","?","R","M","$","T","M","R","M","M","M","R","BOSS","M","?","?","M","M","R","M","?","T","M","R","M","M","M","R","BOSS"],"build_version":"2018-02-01-PROD3","purchased_purges":3,"victory":false,"master_deck":["Strike_R","Strike_R","Strike_R+1","Defend_R","Defend_R","Defend_R","Defend_R","Rampage+1","Headbutt","Thunderclap+1","Shrug It Off+1","Offering","Offering","Pommel Strike+1","Flame Barrier","Berserk","Headbutt+1"],"max_hp_per_floor":[80,80,80,80,80,80,80,80,80,80,80,80,80,80,80,80,80,80,80,80,80,80,80,80,80,80,80,80,80,80,80,80],"relics":["Burning Blood","Ornamental Fan","Dream Catcher","Lizard Tail","Regal Pillow","Magic Flower"],"card_choices":[{"not_picked":["Corruption","True Grit"],"picked":"Rampage"},{"not_picked":["Heavy Blade","Perfected Strike"],"picked":"Headbutt"},{"not_picked":["Thunderclap","Sword Boomerang"],"picked":"Shrug It Off"},{"not_picked":["Brutality","Bludgeon"],"picked":"Offering"},{"not_picked":["Body Slam","Disarm"],"picked":"Pommel Strike"},{"not_picked":["Disarm","Clothesline"],"picked":"Flame Barrier"},{"not_picked":["Rupture","Sword Boomerang"],"picked":"Berserk"},{"not_picked":["Thunderclap","Twin Strike"],"picked":"Headbutt"}],"player_experience":101072,"potions_floor_usage":[16,16,31,33,33],"damage_taken":[{"damage":0,"enemies":"2 Louse","floor":1,"turns":3},{"damage":11,"enemies":"Blue Slaver","floor":7,"turns":4},{"damage":4,"enemies":"Small Slimes","floor":10,"turns":2},{"damage":3,"enemies":"Exordium Wildlife","floor":12,"turns":3},{"damage":2,"enemies":"3 Louse","floor":13,"turns":2},{"damage":0,"enemies":"2 Fungi Beasts","floor":14,"turns":4},{"damage":9,"enemies":"Slime Boss","floor":16,"turns":10},{"damage":9,"enemies":"Spheric Guardian","floor":18,"turns":4},{"damage":18,"enemies":"2 Thieves","floor":21,"turns":3},{"damage":31,"enemies":"Snake Plant","floor":22,"turns":5},{"damage":31,"enemies":"Cultist and Chosen","floor":24,"turns":6},{"damage":18,"enemies":"Snecko","floor":27,"turns":4},{"damage":9,"enemies":"Centurion and Healer","floor":29,"turns":5},{"damage":26,"enemies":"Snake Plant","floor":30,"turns":4},{"damage":8,"enemies":"3 Cultists","floor":31,"turns":3},{"damage":158,"enemies":"Champ","floor":33,"turns":12}],"event_choices":[{"event_name":"Upgrade Shrine","player_choice":"Upgraded","floor":2,"damage_taken":0},{"event_name":"Liars Game","player_choice":"agreed","floor":4,"damage_taken":0},{"event_name":"Scrap Ooze","player_choice":"success","floor":5,"damage_taken":3},{"event_name":"Beggar","player_choice":"Gave Gold","floor":19,"damage_taken":0},{"event_name":"Duplicator","player_choice":"One dupe","floor":20,"damage_taken":0}],"boss_relics":[{"not_picked":["Eternal Feather","Snecko Eye"],"picked":"Lizard Tail"}],"potions_floor_spawned":[1,10,12,13,24,30],"seed_played":"5565241848940209550","killed_by":"Champ","ascension_level":0,"is_trial":false}