{"path_per_floor":["M","$","M","?","T","E","R","M","T","?","R","M","?","?","R","B",null,"M","?","?","M","$","R","?","T","T","R","$","E","M","?","R","B",null,"M","?","$","?","M","M","R","?","T","M","M","?","?","M","R","B"],"character_chosen":"IRONCLAD","items_purchased":["Armaments","Inflame","Heavy Blade"],"gold_per_floor":[117,63,74,74,99,143,143,163,163,163,163,176,176,176,176,300,300,300,300,300,255,180,180,180,180,180,180,180,180,180,180,180,180,180,180,180,72,72,72,72,72,72,72,72,72,72,0,0,0,0],"floor_reached":51,"campfire_rested":4,"playtime":1375,"current_hp_per_floor":[70,70,69,69,69,52,52,52,52,52,52,56,49,54,54,34,79,79,79,79,52,52,75,67,67,67,67,67,39,37,37,75,24,79,79,79,79,69,75,32,70,70,70,52,9,9,9,7,45,20],"items_purged":["Armaments"],"gold":0,"score":634,"play_id":"fa314715-3a7e-4168-9223-6bbed27c80ea","is_prod":false,"is_daily":false,"is_ascension_mode":true,"campfire_upgraded":4,"path_taken":["M","$","?","?","?","E","R","?","T","?","R","M","?","?","R","BOSS","M","?","?","M","$","R","?","?","T","R","$","E","M","?","R","BOSS","M","?","?","?","M","M","R","?","T","M","M","?","?","M","R","BOSS"],"build_version":"2018-02-12-PROD1","purchased_purges":1,"victory":true,"master_deck":["Strike_R+1","Strike_R+1","Strike_R+1","Defend_R+1","Defend_R+1","Defend_R+1","Defend_R+1","Bash","Flex+1","Heavy Blade+1","Shrug It Off","Limit Break+1","Bludgeon","Whirlwind+1","Impervious","Flame Barrier","Offering","Headbutt","Limit Break+1","Inflame","Heavy Blade","Madness","Madness","Inflame"],"max_hp_per_floor":[80,80,80,74,74,74,74,74,74,74,74,74,74,79,79,79,79,79,79,79,79,79,79,79,79,79,79,79,79,79,79,79,79,79,79,79,79,79,79,79,79,79,79,79,79,79,79,79,79,79],"relics":["Burning Blood","Bronze Scales","Toolbox","Bag of Marbles","Juzu Bracelet","Ectoplasm","Oddly Smooth Stone","Regal Pillow","Pantograph","Sozu","Ancient Tea Set","Red Mask"],"card_choices":[{"not_picked":["Entrench","Rage"],"picked":"Flex"},{"not_picked":["Armaments","Flame Barrier"],"picked":"Heavy Blade"},{"not_picked":["Dropkick","Warcry"],"picked":"Shrug It Off"},{"not_picked":["Whirlwind","Disarm"],"picked":"Limit Break"},{"not_picked":["Clash","Twin Strike"],"picked":"Whirlwind"},{"not_picked":["Immolate","Barricade"],"picked":"Impervious"},{"not_picked":["Clash","Combust"],"picked":"Flame Barrier"},{"not_picked":["Dark Embrace","Juggernaut"],"picked":"Offering"},{"not_picked":["Shockwave","Body Slam"],"picked":"Headbutt"},{"not_picked":["Dropkick","Evolve"],"picked":"Inflame"}],"player_experience":142116,"potions_floor_usage":[6,16,33],"damage_taken":[{"damage":16,"enemies":"Blue Slaver","floor":1,"turns":3},{"damage":7,"enemies":"Small Slimes","floor":3,"turns":3},{"damage":23,"enemies":"Gremlin Nob","floor":6,"turns":4},{"damage":6,"enemies":"Cultist","floor":8,"turns":2},{"damage":2,"enemies":"Red Slaver","floor":12,"turns":2},{"damage":30,"enemies":"Hexaghost","floor":16,"turns":7},{"damage":4,"enemies":"Chosen","floor":18,"turns":3},{"damage":33,"enemies":"2 Thieves","floor":21,"turns":4},{"damage":34,"enemies":"Book of Stabbing","floor":29,"turns":5},{"damage":8,"enemies":"Centurion and Healer","floor":30,"turns":4},{"damage":61,"enemies":"Automaton","floor":33,"turns":10},{"damage":0,"enemies":"3 Darklings","floor":35,"turns":1},{"damage":0,"enemies":"Orb Walker","floor":39,"turns":2},{"damage":49,"enemies":"Sphere and 2 Shapes","floor":40,"turns":4},{"damage":24,"enemies":"4 Shapes","floor":44,"turns":1},{"damage":49,"enemies":"Maw","floor":45,"turns":6},{"damage":8,"enemies":"3 Darklings","floor":48,"turns":3},{"damage":56,"enemies":"Awakened One","floor":50,"turns":8}],"event_choices":[{"event_name":"Golden Idol","player_choice":"Lose Max HP","floor":4,"damage_taken":0},{"event_name":"Transmorgrifier","player_choice":"Transform","floor":10,"damage_taken":0},{"event_name":"Scrap Ooze","player_choice":"success","floor":13,"damage_taken":7},{"event_name":"Big Fish","player_choice":"Donut","floor":14,"damage_taken":0},{"event_name":"Back to Basics","player_choice":"Simplicity","floor":19,"damage_taken":0},{"event_name":"Upgrade Shrine","player_choice":"Upgraded","floor":20,"damage_taken":0},{"event_name":"Knowing Skull","player_choice":"","floor":24,"damage_taken":0},{"event_name":"Drug Dealer","player_choice":"Ignored","floor":31,"damage_taken":0},{"event_name":"Duplicator","player_choice":"One dupe","floor":36,"damage_taken":0},{"event_name":"Winding Halls","player_choice":"Embrace Madness","floor":38,"damage_taken":0},{"event_name":"The Moai Head","player_choice":"Gave Idol","floor":42,"damage_taken":0},{"event_name":"Tomb of Lord Red Mask","player_choice":"Paid","floor":47,"damage_taken":0}],"boss_relics":[{"not_picked":["Runic Dome","Runic Pyramid"],"picked":"Ectoplasm"},{"not_picked":["Orrery","White Beast Statue"],"picked":"Sozu"}],"potions_floor_spawned":[1,6,12,16,30,33,35,40,45],"seed_played":"-3873370487417485002","ascension_level":3,"is_trial":false}