{"path_per_floor":["M","?","M","M","?","R","?","R","T","M","R","M","M","M","R","B",null,"M","?","$","M","$","R","M","M","T","?","M","R","M","?","R"],"character_chosen":"IRONCLAD","items_purchased":["Offering","Battle Trance"],"gold_per_floor":[112,112,132,151,151,151,121,121,121,136,136,153,166,186,186,291,291,308,408,259,273,98,98,110,124,124,39,59,59,70,70,70],"floor_reached":33,"campfire_rested":4,"playtime":1136,"current_hp_per_floor":[78,78,72,67,72,72,72,72,72,63,63,68,63,47,74,31,78,59,59,59,57,57,84,65,31,31,31,30,57,39,39,66],"items_purged":["Strike_R","Strike_R"],"gold":70,"score":313,"play_id":"e82d280b-02f3-4ffd-a875-8935dcc1a943","is_prod":false,"is_daily":false,"is_ascension_mode":true,"campfire_upgraded":2,"path_taken":["M","?","M","?","?","R","?","R","T","M","R","?","M","M","R","BOSS","M","?","$","M","$","R","M","M","T","?","M","R","M","?","R","BOSS"],"build_version":"2018-02-15-PROD1","purchased_purges":2,"victory":false,"master_deck":["Strike_R","Strike_R","Strike_R","Defend_R","Defend_R","Defend_R","Defend_R+1","Bash+1","Armaments+1","Cleave","Dual Wield","Flame Barrier","Barricade","Thunderclap+1","Offering","Battle Trance","Inflame","True Grit","Shrug It Off"],"max_hp_per_floor":[88,88,88,88,93,93,93,93,93,93,93,93,93,93,93,93,93,93,93,93,93,93,93,93,93,93,93,93,93,93,93,93],"relics":["Burning Blood","Girya","Sozu","Prayer Wheel","Oddly Smooth Stone","Orichalcum"],"card_choices":[{"not_picked":["Shrug It Off","Searing Blow"],"picked":"Armaments"},{"not_picked":["Headbutt","Disarm"],"picked":"Cleave"},{"not_picked":["Second Wind","Dropkick"],"picked":"Dual Wield"},{"not_picked":["Shrug It Off","Pommel Strike"],"picked":"Flame Barrier"},{"not_picked":["Dark Embrace","Exhume"],"picked":"Barricade"},{"not_picked":["Sever Soul","Flex"],"picked":"Thunderclap"},{"not_picked":["Bloodletting","Wild Strike"],"picked":"Inflame"},{"not_picked":["Twin Strike","Inflame"],"picked":"True Grit"},{"not_picked":["Searing Blow","Twin Strike"],"picked":"Shrug It Off"}],"player_experience":153074,"potions_floor_usage":[10,14,16,16],"damage_taken":[{"damage":8,"enemies":"2 Louse","floor":1,"turns":2},{"damage":12,"enemies":"Jaw Worm","floor":3,"turns":2},{"damage":11,"enemies":"Cultist","floor":4,"turns":4},{"damage":15,"enemies":"Large Slime","floor":10,"turns":6},{"damage":1,"enemies":"3 Louse","floor":12,"turns":3},{"damage":11,"enemies":"Looter","floor":13,"turns":3},{"damage":22,"enemies":"Exordium Thugs","floor":14,"turns":5},{"damage":64,"enemies":"The Guardian","floor":16,"turns":15},{"damage":25,"enemies":"Spheric Guardian","floor":18,"turns":7},{"damage":8,"enemies":"3 Byrds","floor":21,"turns":2},{"damage":25,"enemies":"Sentry and Sphere","floor":24,"turns":7},{"damage":40,"enemies":"Snake Plant","floor":25,"turns":5},{"damage":7,"enemies":"Chosen and Byrds","floor":28,"turns":7},{"damage":24,"enemies":"3 Cultists","floor":30,"turns":5},{"damage":70,"enemies":"Collector","floor":33,"turns":11}],"event_choices":[{"event_name":"Living Wall","player_choice":"Grow","floor":2,"damage_taken":0},{"event_name":"Big Fish","player_choice":"Donut","floor":5,"damage_taken":0},{"event_name":"The Woman in Blue","player_choice":"Bought 2 Potions","floor":7,"damage_taken":0},{"event_name":"Golden Shrine","player_choice":"Pray","floor":19,"damage_taken":0},{"event_name":"Addict","player_choice":"Obtained Relic","floor":27,"damage_taken":0},{"event_name":"The Mausoleum","player_choice":"Yes","floor":31,"damage_taken":0}],"boss_relics":[{"not_picked":["Runic Pyramid","Runic Cube"],"picked":"Sozu"}],"potions_floor_spawned":[4,10,13,16,18,24,25],"seed_played":"3492773925877927537","killed_by":"Collector","ascension_level":6,"is_trial":false}