{"path_per_floor":["M","M","M","?","?","R","?","R","T","$","R","E","R","M","R","B",null,"M","M","$","M","?","R","M","R","T","R","E","?","$","M","R"],"character_chosen":"IRONCLAD","items_purchased":["Flex","Shuriken"],"gold_per_floor":[117,137,149,149,149,149,149,149,172,97,97,138,138,153,153,277,277,301,316,10,31,31,31,47,47,121,121,159,159,59,82,82],"floor_reached":33,"campfire_rested":3,"playtime":1255,"current_hp_per_floor":[72,64,67,64,64,64,57,57,57,57,57,43,43,49,49,16,60,54,57,57,30,30,53,41,41,41,64,19,19,19,26,50],"items_purged":["Strike_R","Strike_R"],"gold":82,"score":368,"play_id":"49b38b5d-2b66-4144-af91-e2f54a7aac0a","is_prod":false,"is_daily":false,"is_ascension_mode":true,"campfire_upgraded":6,"path_taken":["M","?","M","?","?","R","?","R","T","$","R","E","R","M","R","BOSS","M","M","$","M","?","R","M","R","T","R","E","?","?","M","R","BOSS"],"build_version":"2018-02-15-PROD1","purchased_purges":2,"victory":false,"master_deck":["Strike_R","Strike_R","Defend_R+1","Defend_R","Defend_R","Defend_R","Bash+1","Limit Break+1","Iron Wave+1","True Grit+1","Feed","Heavy Blade+1","Flex","Writhe"],"max_hp_per_floor":[80,80,80,80,74,74,74,74,74,74,74,74,74,74,74,74,74,74,77,77,77,77,77,77,77,77,77,77,77,77,80,80],"relics":["Burning Blood","Mercury Hourglass","Golden Idol","Bag of Preparation","Ancient Tea Set","Cursed Key","Shuriken","Pantograph","Torii"],"card_choices":[{"not_picked":["Warcry","Wild Strike"],"picked":"Iron Wave"},{"not_picked":["Shockwave","Perfected Strike"],"picked":"True Grit"},{"not_picked":["Exhume","Dark Embrace"],"picked":"Feed"},{"not_picked":["Reckless Charge","Sword Boomerang"],"picked":"Heavy Blade"}],"player_experience":186791,"potions_floor_usage":[33,33],"damage_taken":[{"damage":6.0,"enemies":"Cultist","floor":1.0,"turns":4.0},{"damage":14.0,"enemies":"Jaw Worm","floor":2.0,"turns":3.0},{"damage":3.0,"enemies":"2 Louse","floor":3.0,"turns":3.0},{"damage":20.0,"enemies":"3 Sentries","floor":12.0,"turns":8.0},{"damage":0.0,"enemies":"Blue Slaver","floor":14.0,"turns":2.0},{"damage":39.0,"enemies":"Slime Boss","floor":16.0,"turns":11.0},{"damage":12.0,"enemies":"3 Byrds","floor":18.0,"turns":6.0},{"damage":6.0,"enemies":"2 Thieves","floor":19.0,"turns":5.0},{"damage":33.0,"enemies":"Snake Plant","floor":21.0,"turns":4.0},{"damage":18.0,"enemies":"Cultist and Chosen","floor":24.0,"turns":5.0},{"damage":51.0,"enemies":"Gremlin Leader","floor":28.0,"turns":7.0},{"damage":2.0,"enemies":"Centurion and Healer","floor":31.0,"turns":6.0},{"damage":86,"enemies":"Automaton","floor":33,"turns":8}],"event_choices":[{"event_name":"Scrap Ooze","player_choice":"success","floor":4.0,"damage_taken":3.0},{"event_name":"Golden Idol","player_choice":"Lose Max HP","floor":5.0,"damage_taken":0.0},{"event_name":"Golden Wing","player_choice":"Card Removal","floor":7.0,"damage_taken":0.0},{"event_name":"Drug Dealer","player_choice":"Ignored","floor":22.0,"damage_taken":0.0},{"event_name":"Vampires","player_choice":"Ignored","floor":29.0,"damage_taken":0.0}],"boss_relics":[],"potions_floor_spawned":[1,3,12,18,19,31],"seed_played":"1729110541592365088","killed_by":"Automaton","ascension_level":8,"is_trial":false}