{"path_per_floor":["M","?","$","M","M","E","R","$","T","E","M","R","E","M","R","B",null,"M","?","?","$","?","R","M","R","T","E","?","M","?","?","R","B",null,"M","M","?"],"character_chosen":"IRONCLAD","items_purchased":["Offering","Orichalcum"],"gold_per_floor":[111,111,36,49,67,102,102,21,47,72,86,86,118,138,138,241,241,254,254,179,32,32,32,45,45,45,73,73,83,83,83,83,179,179,190,207,207],"floor_reached":38,"campfire_rested":2,"playtime":1276,"current_hp_per_floor":[71,53,53,59,59,47,47,47,47,37,34,58,53,55,55,35,69,62,62,62,62,62,62,55,79,79,63,63,59,59,59,59,24,66,73,77,67],"items_purged":["Strike_R"],"gold":207,"score":504,"play_id":"7559c3dc-49df-4fd8-a307-a09eacde0583","is_prod":false,"is_daily":false,"is_ascension_mode":true,"campfire_upgraded":4,"path_taken":["M","?","$","?","M","E","R","?","T","E","M","R","E","M","R","BOSS","M","?","?","$","?","R","M","R","T","E","?","?","?","?","R","BOSS","M","M","?","M"],"build_version":"2018-02-22-PROD2","purchased_purges":1,"victory":false,"master_deck":["Bash+1","Iron Wave","Shrug It Off","Uppercut+1","Offering+1","Headbutt","Berserk","Intimidate","Sword Boomerang+1","Armaments","Headbutt","Clothesline","Whirlwind+1","Flame Barrier+1","True Grit","Reaper","Doubt","Madness","Madness"],"max_hp_per_floor":[80,80,80,80,80,80,80,80,80,80,80,80,80,80,80,80,80,80,80,80,80,80,80,80,80,80,80,80,80,80,80,80,80,80,80,80,80],"relics":["Burning Blood","Anchor","Omamori","Happy Flower","Ornamental Fan","Red Skull","Pandora\u0027s Box","Orichalcum","Kunai","Whetstone","Calling Bell","Regal Pillow","Bag of Preparation","Pen Nib"],"card_choices":[{"not_picked":["Burning Pact","Flex"],"picked":"Iron Wave"},{"not_picked":["Clothesline","Burning Pact"],"picked":"Shrug It Off"},{"not_picked":["Wild Strike","Intimidate"],"picked":"Uppercut"},{"not_picked":["Perfected Strike","Disarm"],"picked":"Headbutt"},{"not_picked":["Exhume","Juggernaut"],"picked":"Berserk"},{"not_picked":["Clash","Body Slam"],"picked":"True Grit"},{"not_picked":["Berserk","Exhume"],"picked":"Reaper"}],"player_experience":206051,"potions_floor_usage":[4,6,6,6,27,27],"damage_taken":[{"damage":7,"enemies":"Small Slimes","floor":1,"turns":3},{"damage":0,"enemies":"2 Louse","floor":4,"turns":2},{"damage":6,"enemies":"Cultist","floor":5,"turns":3},{"damage":18,"enemies":"Gremlin Nob","floor":6,"turns":5},{"damage":16,"enemies":"3 Sentries","floor":10,"turns":8},{"damage":9,"enemies":"Exordium Thugs","floor":11,"turns":4},{"damage":11,"enemies":"Lagavulin","floor":13,"turns":5},{"damage":4,"enemies":"Looter","floor":14,"turns":2},{"damage":26,"enemies":"The Guardian","floor":16,"turns":10},{"damage":13,"enemies":"Shell Parasite","floor":18,"turns":4},{"damage":13,"enemies":"Spheric Guardian","floor":24,"turns":4},{"damage":22,"enemies":"Book of Stabbing","floor":27,"turns":6},{"damage":10,"enemies":"Centurion and Healer","floor":29,"turns":5},{"damage":41,"enemies":"Collector","floor":33,"turns":8},{"damage":7,"enemies":"3 Darklings","floor":35,"turns":4},{"damage":8,"enemies":"Orb Walker","floor":36,"turns":3},{"damage":89,"enemies":"4 Shapes","floor":38,"turns":5}],"event_choices":[{"event_name":"Scrap Ooze","player_choice":"success","floor":2,"damage_taken":18},{"event_name":"Cursed Tome","player_choice":"Ignored","floor":19,"damage_taken":0},{"event_name":"Beggar","player_choice":"Gave Gold","floor":20,"damage_taken":0},{"event_name":"The Library","player_choice":"Read","floor":22,"damage_taken":0},{"event_name":"Back to Basics","player_choice":"Elegance","floor":28,"damage_taken":0},{"event_name":"Match and Keep!","player_choice":"0 cards matched","floor":30,"damage_taken":0},{"event_name":"Drug Dealer","player_choice":"Ignored","floor":31,"damage_taken":0},{"event_name":"Winding Halls","player_choice":"Embrace Madness","floor":37,"damage_taken":0}],"boss_relics":[{"not_picked":["Ectoplasm","Astrolabe"],"picked":"Pandora\u0027s Box"},{"not_picked":["Runic Pyramid","Orrery"],"picked":"Calling Bell"}],"potions_floor_spawned":[1,5,10,16,24,35],"seed_played":"-7904561590915977928","killed_by":"4 Shapes","ascension_level":8,"is_trial":false}