{"path_per_floor":["M","?","M","M","?","R","E","R","T","T","E","$","M","?","R","B",null,"M","M","M","?"],"character_chosen":"IRONCLAD","items_purchased":["Torii"],"gold_per_floor":[216,216,233,246,246,246,278,278,303,303,337,42,62,91,91,189,189,203,188,206,306],"floor_reached":22,"campfire_rested":1,"playtime":805,"current_hp_per_floor":[78,78,72,73,66,66,34,34,34,34,43,43,48,26,53,14,71,76,64,31,31],"items_purged":[],"gold":306,"score":272,"play_id":"fc053492-42ff-472b-aa1c-15dc5ef9256b","is_prod":false,"is_daily":false,"is_ascension_mode":true,"campfire_upgraded":1,"path_taken":["M","?","?","M","?","R","E","R","T","?","E","?","M","?","R","BOSS","M","M","M","?","M"],"build_version":"2018-02-22-PROD1","purchased_purges":0,"victory":false,"master_deck":["Strike_R","Strike_R","Strike_R","Strike_R","Defend_R","Defend_R","Defend_R","Defend_R","Bash","Twin Strike","Iron Wave+1","Double Tap","Shrug It Off","Cleave","Demon Form","Heavy Blade","Ghostly Armor+1"],"max_hp_per_floor":[80,80,80,80,80,80,80,80,80,80,90,90,90,90,90,90,90,90,90,90,90],"relics":["Burning Blood","Girya","Juzu Bracelet","Unceasing Top","Pear","Torii","Odd Mushroom","Question Card"],"card_choices":[{"not_picked":["Infernal Blade","Perfected Strike"],"picked":"Twin Strike"},{"not_picked":["Pommel Strike","Flex"],"picked":"Iron Wave"},{"not_picked":["Body Slam","Rage"],"picked":"Double Tap"},{"not_picked":["Armaments","Carnage"],"picked":"Shrug It Off"},{"not_picked":["Entrench","True Grit"],"picked":"Cleave"},{"not_picked":["Feed","Bludgeon"],"picked":"Demon Form"},{"not_picked":["Entrench","Iron Wave","Perfected Strike"],"picked":"Heavy Blade"},{"not_picked":["Cleave","True Grit","Sentinel"],"picked":"Ghostly Armor"}],"player_experience":191988,"potions_floor_usage":[],"damage_taken":[{"damage":0.0,"enemies":"Small Slimes","floor":1.0,"turns":3.0},{"damage":12.0,"enemies":"Jaw Worm","floor":3.0,"turns":2.0},{"damage":5.0,"enemies":"Cultist","floor":4.0,"turns":4.0},{"damage":38.0,"enemies":"3 Sentries","floor":7.0,"turns":11.0},{"damage":7.0,"enemies":"Gremlin Nob","floor":11.0,"turns":4.0},{"damage":1.0,"enemies":"Large Slime","floor":13.0,"turns":6.0},{"damage":28.0,"enemies":"The Mushroom Lair","floor":14.0,"turns":6.0},{"damage":60.0,"enemies":"Slime Boss","floor":16.0,"turns":14.0},{"damage":1.0,"enemies":"Chosen","floor":18.0,"turns":5.0},{"damage":18.0,"enemies":"2 Thieves","floor":19.0,"turns":4.0},{"damage":39.0,"enemies":"Snake Plant","floor":20.0,"turns":4.0},{"damage":38,"enemies":"Slaver and Parasite","floor":22,"turns":6}],"event_choices":[{"event_name":"Shining Light","player_choice":"Ignored","floor":2.0,"damage_taken":0.0},{"event_name":"Golden Wing","player_choice":"Card Removal","floor":5.0,"damage_taken":0.0},{"event_name":"Mushrooms","player_choice":"Fought Mushrooms","floor":14.0,"damage_taken":0.0},{"event_name":"Golden Shrine","player_choice":"Pray","floor":21.0,"damage_taken":0.0}],"boss_relics":[],"potions_floor_spawned":[1,7,16],"seed_played":"3856623167563112556","killed_by":"Slaver and Parasite","ascension_level":8,"is_trial":false}