{"path_per_floor":["M","M","?","M","M","R","E","M","T","?","E","R","?","E","R","B",null,"M","$","M","M","?","R","M","M","T","R","$","?","R","$","R","B",null,"M","M","?","$","?","E","M","R","T","R","?","M","R","?","R","B"],"character_chosen":"IRONCLAD","items_purchased":["Fire Breathing","Dexterity Potion","Bag of Marbles","Bronze Scales"],"gold_per_floor":[110,128,128,141,157,157,184,194,194,194,229,229,229,272,272,400,400,425,220,234,250,250,250,274,299,299,299,199,199,199,52,52,181,219,243,264,264,109,109,153,177,177,204,204,537,552,552,552,552,552],"floor_reached":51,"campfire_rested":3,"playtime":1499,"current_hp_per_floor":[73,79,72,67,65,65,52,58,65,70,55,55,55,49,74,20,69,69,69,71,45,73,73,59,53,53,78,78,78,78,78,78,18,73,79,86,86,86,86,44,78,78,78,78,78,69,69,69,90,11],"items_purged":["Strike_R","Defend_R"],"gold":552,"score":1007,"play_id":"0a46dcdb-cad4-4783-8c81-6d57cb448f4d","local_time":"20180311122436","is_prod":false,"is_daily":false,"is_ascension_mode":true,"campfire_upgraded":7,"timestamp":1520767476,"path_taken":["M","?","?","M","M","R","E","M","T","?","E","R","?","E","R","BOSS","M","$","M","M","?","R","M","M","T","R","$","?","R","?","R","BOSS","M","?","?","$","?","E","M","R","T","R","?","?","R","?","R","BOSS"],"build_version":"2018-03-09","purchased_purges":2,"victory":true,"master_deck":["Strike_R+1","Defend_R+1","Defend_R","Defend_R","Bash+1","Offering+1","Whirlwind+1","Headbutt","Uppercut+1","Battle Trance","Shrug It Off+1","Inflame+1","Demon Form+1","True Grit+1","Fire Breathing+1","Shockwave+1","Infernal Blade+1","Reaper","Offering+1","Entrench+1","Rupture+1","Impervious+1","Inflame+1"],"max_hp_per_floor":[80,80,80,80,80,80,80,80,87,92,92,92,85,85,85,85,85,85,85,85,85,85,85,85,85,85,85,85,85,85,85,85,85,90,90,90,90,90,90,90,90,90,90,90,90,90,90,90,90,90],"relics":["Burning Blood","Whetstone","Strawberry","Frozen Egg 2","Peace Pipe","Lizard Tail","Happy Flower","Vajra","Bag of Marbles","Tiny House","Bronze Scales","Ice Cream","Regal Pillow"],"card_choices":[{"not_picked":["Blood for Blood","Rage"],"picked":"Whirlwind"},{"not_picked":["Carnage","Power Through"],"picked":"Headbutt"},{"not_picked":["Thunderclap","Sword Boomerang"],"picked":"Uppercut"},{"not_picked":["Wild Strike","Shrug It Off"],"picked":"Battle Trance"},{"not_picked":["Armaments","Heavy Blade"],"picked":"Shrug It Off"},{"not_picked":["Armaments","Iron Wave"],"picked":"Inflame"},{"not_picked":["Immolate","Offering"],"picked":"Demon Form"},{"not_picked":["Twin Strike","Havoc"],"picked":"True Grit"},{"not_picked":["Flex","Ghostly Armor"],"picked":"Shockwave"},{"not_picked":["Cleave","Perfected Strike"],"picked":"Infernal Blade"},{"not_picked":["Battle Trance","Body Slam"],"picked":"Reaper"},{"not_picked":["Bludgeon","Barricade"],"picked":"Offering"},{"not_picked":["Havoc","Metallicize"],"picked":"Entrench"},{"not_picked":["Searing Blow","Whirlwind"],"picked":"Rupture"},{"not_picked":["Blood for Blood","Battle Trance"],"picked":"Impervious"}],"player_experience":231204,"potions_floor_usage":[50,50,50],"damage_taken":[{"damage":5.0,"enemies":"Cultist","floor":1.0,"turns":3.0},{"damage":0.0,"enemies":"2 Louse","floor":2.0,"turns":1.0},{"damage":11.0,"enemies":"Jaw Worm","floor":4.0,"turns":2.0},{"damage":8.0,"enemies":"Blue Slaver","floor":5.0,"turns":2.0},{"damage":19.0,"enemies":"Gremlin Nob","floor":7.0,"turns":3.0},{"damage":0.0,"enemies":"3 Louse","floor":8.0,"turns":1.0},{"damage":21.0,"enemies":"Lagavulin","floor":11.0,"turns":5.0},{"damage":12.0,"enemies":"Gremlin Nob","floor":14.0,"turns":3.0},{"damage":60.0,"enemies":"Hexaghost","floor":16.0,"turns":8.0},{"damage":6.0,"enemies":"3 Byrds","floor":18.0,"turns":5.0},{"damage":4.0,"enemies":"Chosen","floor":20.0,"turns":3.0},{"damage":32.0,"enemies":"Snake Plant","floor":21.0,"turns":3.0},{"damage":20.0,"enemies":"Centurion and Healer","floor":24.0,"turns":4.0},{"damage":12.0,"enemies":"Cultist and Chosen","floor":25.0,"turns":5.0},{"damage":85.0,"enemies":"Collector","floor":33.0,"turns":7.0},{"damage":12.0,"enemies":"3 Darklings","floor":35.0,"turns":3.0},{"damage":14.0,"enemies":"Orb Walker","floor":36.0,"turns":3.0},{"damage":68.0,"enemies":"Giant Head","floor":40.0,"turns":7.0},{"damage":20.0,"enemies":"4 Shapes","floor":41.0,"turns":3.0},{"damage":21.0,"enemies":"Sphere and 2 Shapes","floor":46.0,"turns":3.0},{"damage":127,"enemies":"Donu and Deca","floor":50,"turns":9}],"event_choices":[{"event_name":"Golden Wing","player_choice":"Card Removal","floor":3.0,"damage_taken":0.0},{"event_name":"Big Fish","player_choice":"Donut","floor":10.0,"damage_taken":0.0},{"event_name":"Golden Idol","player_choice":"Lose Max HP","floor":13.0,"damage_taken":0.0},{"event_name":"The Library","player_choice":"Heal","floor":22.0,"damage_taken":0.0},{"event_name":"The Mausoleum","player_choice":"Yes","floor":29.0,"damage_taken":0.0},{"event_name":"Bonfire Elementals","player_choice":"BASIC","floor":37.0,"damage_taken":0.0},{"event_name":"Mysterious Sphere","player_choice":"Ignore","floor":39.0,"damage_taken":0.0},{"event_name":"The Moai Head","player_choice":"Gave Idol","floor":45.0,"damage_taken":0.0},{"event_name":"Duplicator","player_choice":"One dupe","floor":48.0,"damage_taken":0.0}],"boss_relics":[],"potions_floor_spawned":[1,2,4,16,24,25,33,41,46],"seed_played":"-6319608941872222597","ascension_level":9,"is_trial":false}