{"path_per_floor":["M","?","$","M","?","R","E","M","T","R","M","E","M","M","R","B",null,"M","M","?","T","M","E","R","M","T","R","M","?","M","?","R"],"character_chosen":"IRONCLAD","items_purchased":["Shrug It Off"],"gold_per_floor":[116,66,20,36,36,36,71,85,112,112,128,160,178,198,198,297,297,277,290,215,215,227,255,255,268,268,268,282,282,300,350,350],"floor_reached":33,"campfire_rested":4,"playtime":1282,"current_hp_per_floor":[76,76,76,72,72,72,50,56,56,80,80,69,75,80,80,8,62,39,43,43,43,40,27,51,18,18,42,34,34,15,15,39],"items_purged":[],"gold":350,"score":441,"play_id":"cc23518b-49b5-4e7b-8a69-fd8793080942","local_time":"20180308132935","is_prod":false,"is_daily":false,"is_ascension_mode":true,"campfire_upgraded":1,"timestamp":1520512175,"path_taken":["M","?","$","?","?","R","E","M","T","R","M","E","M","M","R","BOSS","M","M","?","?","M","E","R","M","T","R","M","?","M","?","R","BOSS"],"build_version":"2018-03-01-PROD1","purchased_purges":0,"victory":false,"master_deck":["Strike_R","Strike_R","Strike_R","Defend_R","Defend_R","Defend_R","Defend_R","Bash","True Grit+1","Shrug It Off","Whirlwind+1","Armaments","Battle Trance","Flame Barrier","Demon Form","Heavy Blade+1","Metallicize"],"max_hp_per_floor":[80,80,80,80,80,80,80,80,80,80,80,80,80,80,80,80,80,80,80,80,80,80,80,80,80,80,80,80,80,80,80,80],"relics":["Burning Blood","Shovel","Pen Nib","Paper Frog","Anchor","Sozu","Frozen Eye","Smiling Mask","Gambling Chip"],"card_choices":[{"not_picked":["Flex","Iron Wave"],"picked":"True Grit"},{"not_picked":["Wild Strike","Clash"],"picked":"Whirlwind"},{"not_picked":["Whirlwind","Dropkick"],"picked":"Armaments"},{"not_picked":["Pummel","Reaper"],"picked":"Battle Trance"},{"not_picked":["Power Through","Seeing Red"],"picked":"Flame Barrier"},{"not_picked":["Offering","Barricade"],"picked":"Demon Form"},{"not_picked":["Battle Trance","Iron Wave"],"picked":"Heavy Blade"},{"not_picked":["Feel No Pain","Wild Strike"],"picked":"Metallicize"}],"player_experience":223036,"potions_floor_usage":[7,13,16,16],"damage_taken":[{"damage":2,"enemies":"2 Louse","floor":1,"turns":5},{"damage":10,"enemies":"Small Slimes","floor":4,"turns":4},{"damage":28,"enemies":"Lagavulin","floor":7,"turns":11},{"damage":0,"enemies":"Cultist","floor":8,"turns":3},{"damage":0,"enemies":"3 Louse","floor":11,"turns":1},{"damage":17,"enemies":"3 Sentries","floor":12,"turns":7},{"damage":0,"enemies":"Exordium Wildlife","floor":13,"turns":1},{"damage":0,"enemies":"2 Fungi Beasts","floor":14,"turns":2},{"damage":78,"enemies":"Hexaghost","floor":16,"turns":10},{"damage":29,"enemies":"2 Thieves","floor":18,"turns":4},{"damage":2,"enemies":"Chosen","floor":19,"turns":4},{"damage":9,"enemies":"Snake Plant","floor":22,"turns":4},{"damage":19,"enemies":"Gremlin Leader","floor":23,"turns":5},{"damage":39,"enemies":"Cultist and Chosen","floor":25,"turns":6},{"damage":14,"enemies":"Snecko","floor":28,"turns":4},{"damage":25,"enemies":"Slaver and Parasite","floor":30,"turns":6},{"damage":47,"enemies":"Automaton","floor":33,"turns":6}],"event_choices":[{"event_name":"The Cleric","player_choice":"Card Removal","floor":2,"damage_taken":0},{"event_name":"Living Wall","player_choice":"Grow","floor":5,"damage_taken":0},{"event_name":"Beggar","player_choice":"Gave Gold","floor":20,"damage_taken":0},{"event_name":"The Mausoleum","player_choice":"No","floor":29,"damage_taken":0},{"event_name":"The Joust","player_choice":"Bet on Murderer","floor":31,"damage_taken":0}],"boss_relics":[{"not_picked":["Tiny House","Philosopher\u0027s Stone"],"picked":"Sozu"}],"potions_floor_spawned":[1,8,14,16,23,28],"seed_played":"1646388806517277045","killed_by":"Automaton","ascension_level":9,"is_trial":false}