{"path_per_floor":["M","M","?","?","?","E","$","R","T","?","M","?","M","$","R","B",null,"M","$","?","?","M","M","R","?","T","$","?","M","M","?","R"],"character_chosen":"IRONCLAD","items_purchased":["Iron Wave","Heavy Blade"],"gold_per_floor":[118,129,129,129,129,158,31,31,57,7,20,20,38,38,38,140,140,154,8,8,8,20,31,31,31,31,31,31,45,60,60,60],"floor_reached":33,"campfire_rested":2,"playtime":587,"current_hp_per_floor":[78,80,73,73,73,77,77,77,77,77,77,77,67,67,67,27,65,57,57,43,43,44,33,57,57,57,57,49,41,45,45,70],"items_purged":["Strike_R","Strike_R"],"gold":60,"score":415,"play_id":"ce8f26ef-5070-45b5-8312-aed941ac6752","local_time":"20180316131039","is_prod":false,"is_daily":false,"is_ascension_mode":true,"campfire_upgraded":2,"timestamp":1521202239,"path_taken":["M","M","?","?","?","E","?","R","T","?","M","?","M","$","R","BOSS","M","$","?","?","M","M","R","?","T","?","?","M","M","?","R","BOSS"],"build_version":"2018-03-15","purchased_purges":2,"victory":false,"master_deck":["Strike_R","Defend_R","Defend_R","Defend_R","Bash+1","Sword Boomerang+1","Flex","Flex","Iron Wave+1","Thunderclap+1","Twin Strike+1","Pummel+1","Offering","True Grit","Cleave+1","Flame Barrier","Inflame","Heavy Blade+1","Clash+1","Double Tap"],"max_hp_per_floor":[80,80,77,77,77,77,77,77,77,77,77,77,77,77,77,77,77,77,77,82,82,82,82,82,82,82,82,82,82,84,84,84],"relics":["Burning Blood","NeowsBlessing","Molten Egg 2","Juzu Bracelet","Orrery","Singing Bowl","Bag of Preparation"],"card_choices":[{"not_picked":["Sever Soul","Rupture"],"picked":"Sword Boomerang"},{"not_picked":["Corruption","Pommel Strike"],"picked":"Flex"},{"not_picked":["Havoc","Pommel Strike"],"picked":"Flex"},{"not_picked":["Flex","Reckless Charge"],"picked":"Thunderclap"},{"not_picked":["Reckless Charge","Anger"],"picked":"Pummel"},{"not_picked":["Reaper","Limit Break"],"picked":"Offering"},{"not_picked":["Evolve","Anger"],"picked":"True Grit"},{"not_picked":["Perfected Strike","Body Slam"],"picked":"Cleave"},{"not_picked":["Pummel","Seeing Red"],"picked":"Flame Barrier"},{"not_picked":["Warcry","Wild Strike"],"picked":"Inflame"},{"not_picked":["Anger","Entrench"],"picked":"Clash"},{"not_picked":["Body Slam","Spot Weakness"],"picked":"Double Tap"}],"player_experience":246263,"potions_floor_usage":[16,33,33,33],"damage_taken":[{"damage":0,"enemies":"Small Slimes","floor":1,"turns":1},{"damage":0,"enemies":"Cultist","floor":2,"turns":1},{"damage":0,"enemies":"3 Sentries","floor":6,"turns":1},{"damage":5,"enemies":"Jaw Worm","floor":11,"turns":2},{"damage":16,"enemies":"3 Louse","floor":13,"turns":2},{"damage":46,"enemies":"The Guardian","floor":16,"turns":8},{"damage":14,"enemies":"2 Thieves","floor":18,"turns":2},{"damage":5,"enemies":"3 Byrds","floor":22,"turns":3},{"damage":17,"enemies":"Snecko","floor":23,"turns":3},{"damage":14,"enemies":"Cultist and Chosen","floor":29,"turns":3},{"damage":4,"enemies":"Centurion and Healer","floor":30,"turns":4},{"damage":85,"enemies":"Collector","floor":33,"turns":5}],"event_choices":[{"event_name":"Golden Wing","player_choice":"Card Removal","floor":3,"damage_taken":0},{"event_name":"Bonfire Elementals","player_choice":"BASIC","floor":4,"damage_taken":0},{"event_name":"Shining Light","player_choice":"Ignored","floor":5,"damage_taken":0},{"event_name":"The Cleric","player_choice":"Card Removal","floor":10,"damage_taken":0},{"event_name":"Transmorgrifier","player_choice":"Transform","floor":12,"damage_taken":0},{"event_name":"Forgotten Altar","player_choice":"Shed Blood","floor":20,"damage_taken":0},{"event_name":"Addict","player_choice":"Ignored","floor":21,"damage_taken":0},{"event_name":"Vampires","player_choice":"Ignored","floor":25,"damage_taken":0},{"event_name":"Knowing Skull","player_choice":"","floor":28,"damage_taken":0},{"event_name":"The Mausoleum","player_choice":"Yes","floor":31,"damage_taken":0}],"boss_relics":[{"not_picked":["Velvet Choker","Astrolabe"],"picked":"Orrery"}],"potions_floor_spawned":[1,2,16,22],"seed_played":"-514241221665019026","killed_by":"Collector","ascension_level":11,"is_trial":false}