{"path_per_floor":["M","?","?","M","$","E","M","R","T","$","R","M","M","M","R","B",null,"M"],"character_chosen":"IRONCLAD","items_purchased":["Fire Potion"],"gold_per_floor":[118,68,68,88,37,66,78,78,78,3,3,22,35,52,52,157,157,172],"floor_reached":19,"campfire_rested":2,"playtime":445,"current_hp_per_floor":[65,65,65,59,59,25,25,48,48,48,71,76,67,63,63,27,65,44],"items_purged":["Strike_R"],"gold":112,"score":262,"play_id":"e3e2596f-27d1-4d1a-8674-9afba215fbbb","local_time":"20180318143830","is_prod":false,"is_daily":false,"is_ascension_mode":true,"campfire_upgraded":1,"timestamp":1521380310,"path_taken":["M","?","?","M","?","E","M","R","T","$","R","M","?","M","R","BOSS","M","?"],"build_version":"2018-03-15v3","purchased_purges":1,"victory":false,"master_deck":["Strike_R","Strike_R","Strike_R","Strike_R","Defend_R+1","Defend_R","Defend_R","Defend_R","Bash","Twin Strike","Sword Boomerang+1","Flex+1","Shrug It Off","Reaper","Flame Barrier+1"],"max_hp_per_floor":[80,77,77,77,77,77,77,77,77,77,77,77,77,77,77,77,77,77],"relics":["Burning Blood","Art of War","War Paint","Eternal Feather"],"card_choices":[{"not_picked":["Bloodletting","Shrug It Off"],"picked":"Twin Strike"},{"not_picked":["Clothesline","Dropkick"],"picked":"Sword Boomerang"},{"not_picked":["Bloodletting","Perfected Strike"],"picked":"Flex"},{"not_picked":["Sever Soul","Power Through"],"picked":"Shrug It Off"},{"not_picked":["Fiend Fire","Barricade"],"picked":"Reaper"},{"not_picked":["Seeing Red","Sword Boomerang"],"picked":"Flame Barrier"}],"player_experience":252728,"potions_floor_usage":[16,18],"damage_taken":[{"damage":13.0,"enemies":"2 Louse","floor":1.0,"turns":4.0},{"damage":12.0,"enemies":"Jaw Worm","floor":4.0,"turns":3.0},{"damage":40.0,"enemies":"Lagavulin","floor":6.0,"turns":8.0},{"damage":6.0,"enemies":"Cultist","floor":7.0,"turns":3.0},{"damage":1.0,"enemies":"Exordium Wildlife","floor":12.0,"turns":2.0},{"damage":15.0,"enemies":"Red Slaver","floor":13.0,"turns":3.0},{"damage":10.0,"enemies":"Gremlin Gang","floor":14.0,"turns":4.0},{"damage":42,"enemies":"Slime Boss","floor":16,"turns":10},{"damage":27,"enemies":"Spheric Guardian","floor":18,"turns":5},{"damage":20,"enemies":"2 Thieves","floor":19,"turns":3}],"event_choices":[{"event_name":"The Cleric","player_choice":"Card Removal","floor":2.0,"damage_taken":0.0},{"event_name":"Liars Game","player_choice":"disagreed","floor":3.0,"damage_taken":0.0}],"boss_relics":[{"not_picked":["Runic Dome","Snecko Eye"],"picked":"Eternal Feather"}],"potions_floor_spawned":[1,6,7,12,16,18],"seed_played":"-2868933472816650699","killed_by":"2 Thieves","ascension_level":11,"is_trial":false}