{"path_per_floor":["M","?","?","T","M","M","R","M","T","R","?","M","M","M","R","B",null,"M","?","$","?","?","?","R","E","T","M","R","T","?","M","R","B",null,"M","?","M","$","M","E","M","R","T","R","M","R","E","M","R","B"],"character_chosen":"IRONCLAD","items_purchased":[],"gold_per_floor":[10,10,10,10,23,43,43,62,85,85,85,104,116,128,128,233,233,251,251,176,91,16,16,16,50,50,67,67,119,119,132,132,230,230,249,0,13,13,30,65,77,77,77,77,87,87,122,135,135,135],"floor_reached":51,"campfire_rested":1,"playtime":783,"current_hp_per_floor":[75,75,75,75,75,64,64,55,55,55,48,23,23,17,41,10,80,72,72,72,72,72,72,72,70,70,63,63,63,80,78,78,40,80,78,78,76,76,74,60,52,52,52,52,50,50,48,58,58,52],"items_purged":["Defend_R"],"gold":135,"score":767,"play_id":"4d56265f-c0c2-4ba9-b576-ce7275eea31e","local_time":"20180321115250","is_prod":false,"is_daily":false,"is_ascension_mode":false,"campfire_upgraded":9,"timestamp":1521629570,"path_taken":["M","?","?","?","M","M","R","?","T","R","?","M","?","M","R","BOSS","M","?","$","?","?","?","R","E","T","?","R","?","?","M","R","BOSS","M","?","M","$","?","E","M","R","T","R","M","R","E","M","R","BOSS"],"build_version":"2018-03-15v3","purchased_purges":1,"victory":true,"master_deck":["Strike_R","Strike_R","Strike_R","Strike_R","Strike_R","Bash+1","Limit Break+1","Inflame+1","Heavy Blade+1","Offering+1","Clash+1","Offering+1","Thunderclap+1","Flex+1","Offering+1"],"max_hp_per_floor":[80,80,80,80,80,80,80,80,80,80,80,80,80,80,80,80,80,80,80,80,80,80,80,80,80,80,80,80,80,80,80,80,80,80,80,80,80,80,80,80,80,80,80,80,80,80,80,80,80,80],"relics":["Burning Blood","Charon\u0027s Ashes","Prayer Wheel","Sozu","Paper Frog","Meat on the Bone","Oddly Smooth Stone","Orichalcum","White Beast Statue","Red Mask","Omamori","Torii","Red Skull"],"card_choices":[{"not_picked":["Juggernaut","Brutality"],"picked":"Limit Break"},{"not_picked":["Evolve","Shrug It Off"],"picked":"Inflame"},{"not_picked":["Immolate","Feed"],"picked":"Offering"},{"not_picked":["Shrug It Off","Headbutt"],"picked":"Clash"},{"not_picked":["Searing Blow","Rage"],"picked":"Thunderclap"},{"not_picked":["Perfected Strike","Feel No Pain"],"picked":"Flex"},{"not_picked":["Barricade","Sword Boomerang"],"picked":"Offering"}],"player_experience":253912,"potions_floor_usage":[13,14,16],"damage_taken":[{"damage":11,"enemies":"Jaw Worm","floor":1,"turns":3},{"damage":6,"enemies":"Cultist","floor":5,"turns":3},{"damage":17,"enemies":"Small Slimes","floor":6,"turns":3},{"damage":15,"enemies":"Looter","floor":8,"turns":3},{"damage":31,"enemies":"Gremlin Gang","floor":12,"turns":4},{"damage":6,"enemies":"Exordium Wildlife","floor":13,"turns":2},{"damage":12,"enemies":"Blue Slaver","floor":14,"turns":2},{"damage":37,"enemies":"The Guardian","floor":16,"turns":8},{"damage":14,"enemies":"Chosen","floor":18,"turns":3},{"damage":8,"enemies":"Gremlin Leader","floor":25,"turns":1},{"damage":13,"enemies":"3 Byrds","floor":27,"turns":2},{"damage":8,"enemies":"Sentry and Sphere","floor":31,"turns":1},{"damage":56,"enemies":"Automaton","floor":33,"turns":5},{"damage":8,"enemies":"3 Darklings","floor":35,"turns":2},{"damage":8,"enemies":"Orb Walker","floor":37,"turns":1},{"damage":8,"enemies":"3 Darklings","floor":39,"turns":1},{"damage":20,"enemies":"2 Orb Walkers","floor":40,"turns":2},{"damage":14,"enemies":"4 Shapes","floor":41,"turns":1},{"damage":8,"enemies":"Maw","floor":45,"turns":1},{"damage":8,"enemies":"Nemesis","floor":47,"turns":1},{"damage":8,"enemies":"3 Darklings","floor":48,"turns":2},{"damage":12,"enemies":"Donu and Deca","floor":50,"turns":2}],"event_choices":[{"event_name":"Purifier","player_choice":"One Purge","floor":2,"damage_taken":0},{"event_name":"Match and Keep!","player_choice":"1 cards matched","floor":3,"damage_taken":0},{"event_name":"Golden Wing","player_choice":"Card Removal","floor":11,"damage_taken":0},{"event_name":"Duplicator","player_choice":"One dupe","floor":19,"damage_taken":0},{"event_name":"Addict","player_choice":"Obtained Relic","floor":21,"damage_taken":0},{"event_name":"Beggar","player_choice":"Gave Gold","floor":22,"damage_taken":0},{"event_name":"Upgrade Shrine","player_choice":"Upgraded","floor":23,"damage_taken":0},{"event_name":"The Library","player_choice":"Heal","floor":30,"damage_taken":0},{"event_name":"Tomb of Lord Red Mask","player_choice":"Paid","floor":36,"damage_taken":0}],"boss_relics":[{"not_picked":["Black Blood","Astrolabe"],"picked":"Sozu"},{"not_picked":["Snecko Eye","Orrery"],"picked":"White Beast Statue"}],"potions_floor_spawned":[1,5,13,16,27,33,35,37,39,40,41,45,47,48],"seed_played":"-5955856219096530800","ascension_level":0,"is_trial":false}