{"path_per_floor":["M","$","?","M","?","R","E","R","T","R","T","$","R","M","R","B",null,"M","?","$","M","?","?","R","?","T","M","?","R","E","M","R","B",null,"M","?","?","M","M","R","M","R","T","R","M","?","M","?","R","B"],"character_chosen":"IRONCLAD","items_purchased":["Twin Strike","Whirlwind"],"gold_per_floor":[115,63,63,78,78,78,112,112,112,112,112,37,37,61,61,180,180,180,95,25,25,25,25,25,25,25,25,25,25,25,25,25,25,25,25,25,25,25,25,25,25,25,25,25,25,0,0,0,0,0],"floor_reached":51,"campfire_rested":2,"playtime":1423,"current_hp_per_floor":[76,76,81,82,82,82,63,63,63,63,63,63,63,72,72,42,75,59,59,59,79,79,79,79,63,63,60,60,60,60,57,82,41,75,35,35,75,64,75,75,75,75,75,75,72,72,54,54,75,26],"items_purged":["Strike_R"],"gold":0,"score":1028,"play_id":"6acb3972-02b3-4404-a3a7-415b8516338c","local_time":"20180402192155","is_prod":false,"is_daily":false,"is_ascension_mode":true,"campfire_upgraded":10,"timestamp":1522689715,"path_taken":["M","$","?","?","?","R","E","R","T","R","?","?","R","M","R","BOSS","M","?","$","M","?","?","R","?","T","M","?","R","E","M","R","BOSS","M","?","?","M","M","R","M","R","T","R","M","?","M","?","R","BOSS"],"build_version":"2018-03-29v2","purchased_purges":1,"victory":true,"master_deck":["Strike_R","Strike_R","Strike_R","Strike_R","Defend_R+1","Defend_R","Defend_R","Defend_R","Bash+1","AscendersBane","Twin Strike+1","Inflame+1","Thunderclap+1","Flex+1","Reaper","Whirlwind+1","Shockwave+1","Metallicize+1","Impervious+1","Shrug It Off+1","Offering+1","Secret Weapon+1","Flame Barrier+1","Feel No Pain+1","Shrug It Off+1"],"max_hp_per_floor":[88,88,93,93,86,86,86,86,86,86,86,86,86,86,86,86,86,86,86,86,86,86,86,86,86,86,86,86,86,86,86,86,86,86,86,86,75,75,75,75,75,75,75,75,75,75,75,75,75,75],"relics":["Burning Blood","Golden Idol","Matryoshka","Kunai","Mummified Hand","Lantern","Magic Flower","Ectoplasm","Happy Flower","Frozen Egg 2","Juzu Bracelet","White Beast Statue","War Paint","Red Mask"],"card_choices":[{"not_picked":["Wild Strike","Pummel"],"picked":"Inflame","floor":4.0},{"not_picked":["Iron Wave","Immolate"],"picked":"Thunderclap","floor":7.0},{"not_picked":["Rupture","Havoc"],"picked":"Flex","floor":14.0},{"not_picked":["Dark Embrace","Bludgeon"],"picked":"Reaper","floor":16.0},{"not_picked":["Fire Breathing","Clash"],"picked":"Shockwave","floor":21.0},{"not_picked":["Headbutt","Entrench"],"picked":"Metallicize","floor":27.0},{"not_picked":["Second Wind","Hemokinesis"],"picked":"Impervious","floor":30.0},{"not_picked":["Anger","Thunderclap"],"picked":"Shrug It Off","floor":31.0},{"not_picked":["Dark Embrace","Double Tap"],"picked":"Offering","floor":33.0},{"not_picked":["Thinking Ahead","Dark Shackles"],"picked":"Secret Weapon","floor":36.0},{"not_picked":["True Grit","Perfected Strike"],"picked":"Flame Barrier","floor":38.0},{"not_picked":["Cleave","Sword Boomerang"],"picked":"Feel No Pain","floor":39.0},{"not_picked":["Sword Boomerang","Headbutt"],"picked":"Shrug It Off","floor":41.0}],"player_experience":276645,"potions_floor_usage":[50,50,50],"damage_taken":[{"damage":10.0,"enemies":"2 Louse","floor":1.0,"turns":3.0},{"damage":5.0,"enemies":"Small Slimes","floor":4.0,"turns":4.0},{"damage":25.0,"enemies":"Lagavulin","floor":7.0,"turns":7.0},{"damage":0.0,"enemies":"Cultist","floor":14.0,"turns":2.0},{"damage":39.0,"enemies":"The Guardian","floor":16.0,"turns":9.0},{"damage":31.0,"enemies":"Chosen","floor":18.0,"turns":5.0},{"damage":6.0,"enemies":"3 Byrds","floor":21.0,"turns":3.0},{"damage":27.0,"enemies":"Snake Plant","floor":27.0,"turns":4.0},{"damage":29.0,"enemies":"Slavers","floor":30.0,"turns":2.0},{"damage":23.0,"enemies":"Sentry and Sphere","floor":31.0,"turns":5.0},{"damage":54.0,"enemies":"Collector","floor":33.0,"turns":7.0},{"damage":49.0,"enemies":"3 Shapes","floor":35.0,"turns":2.0},{"damage":20.0,"enemies":"Orb Walker","floor":38.0,"turns":2.0},{"damage":5.0,"enemies":"4 Shapes","floor":39.0,"turns":3.0},{"damage":8.0,"enemies":"Sphere and 2 Shapes","floor":41.0,"turns":5.0},{"damage":12.0,"enemies":"Maw","floor":45.0,"turns":7.0},{"damage":30.0,"enemies":"4 Shapes","floor":47.0,"turns":2.0},{"damage":86,"enemies":"Donu and Deca","floor":50,"turns":9}],"event_choices":[{"event_name":"Big Fish","player_choice":"Donut","floor":3.0,"damage_taken":0.0},{"event_name":"Golden Idol","player_choice":"Lose Max HP","floor":5.0,"damage_taken":0.0},{"event_name":"Addict","player_choice":"Obtained Relic","floor":19.0,"damage_taken":0.0},{"event_name":"N\u0027loth","player_choice":"Ignored","floor":22.0,"damage_taken":0.0},{"event_name":"Match and Keep!","player_choice":"0 cards matched","floor":23.0,"damage_taken":0.0},{"event_name":"Cursed Tome","player_choice":"Obtained Book","floor":25.0,"damage_taken":0.0},{"event_name":"Golden Shrine","player_choice":"Pray","floor":28.0,"damage_taken":0.0},{"event_name":"SensoryStone","player_choice":"Memory 1","floor":36.0,"damage_taken":0.0},{"event_name":"The Moai Head","player_choice":"Heal","floor":37.0,"damage_taken":0.0},{"event_name":"Tomb of Lord Red Mask","player_choice":"Paid","floor":46.0,"damage_taken":0.0},{"event_name":"Upgrade Shrine","player_choice":"Upgraded","floor":48.0,"damage_taken":0.0}],"boss_relics":[],"potions_floor_spawned":[7,21,27,30,33,35,38,39,41,45,47],"seed_played":"-593983805108253509","ascension_level":12,"is_trial":false}