{"path_per_floor":["M","M","?","?","M","R","M","E","T","R","M","M","R","?","R","B",null,"M","?","?","M","$","R","?","R","T","M","R","M","T","?","R","B",null,"M","?","?","$","M","R","M","R","T","R","M","?"],"character_chosen":"IRONCLAD","items_purchased":["Inflame"],"gold_per_floor":[118,137,87,87,107,107,120,155,155,155,171,185,185,185,185,262,262,279,279,279,298,223,223,223,223,249,269,269,285,285,200,200,276,306,317,317,317,136,149,149,159,159,207,207,227,227,227],"floor_reached":47,"campfire_rested":5,"playtime":1425,"current_hp_per_floor":[62,66,66,71,69,69,65,44,44,65,71,71,71,71,71,46,66,25,25,25,21,21,42,42,42,42,34,55,31,31,31,52,20,65,47,67,67,67,57,78,66,66,66,66,14,14,0],"items_purged":["Decay","Defend_R"],"gold":227,"score":719,"play_id":"bafa5ee3-b5fe-434e-822c-a1abeba05f67","local_time":"20180412215728","is_prod":false,"is_daily":false,"is_ascension_mode":true,"campfire_upgraded":6,"timestamp":1523563048,"path_taken":["M","M","?","?","M","R","M","E","T","R","?","M","R","?","R","BOSS","M","?","?","M","?","R","?","R","T","M","R","M","?","?","R","BOSS","M","?","?","$","M","R","M","R","T","R","?","?","M"],"build_version":"2018-04-05v2","purchased_purges":2,"victory":false,"master_deck":["Strike_R","Defend_R","Defend_R","Defend_R","Bash+1","AscendersBane","Flame Barrier+1","Flex+1","Whirlwind+1","Spot Weakness+1","Shrug It Off+1","Reaper+1","Writhe","Inflame+1"],"max_hp_per_floor":[68,68,68,73,73,73,73,73,73,73,73,73,73,73,73,73,73,73,73,73,73,73,73,73,73,73,73,73,73,73,73,73,73,78,78,78,78,78,78,78,78,78,78,78,78,78,78],"relics":["Burning Blood","Champion Belt","Kunai","Ice Cream","Lizard Tail","Pen Nib","Anchor","Frozen Egg 2","Tiny House","Blood Vial"],"card_choices":[{"not_picked":["Body Slam","Hemokinesis"],"picked":"Flame Barrier","floor":1.0},{"not_picked":["Clothesline","Shrug It Off"],"picked":"Flex","floor":5.0},{"not_picked":["Wild Strike","Metallicize"],"picked":"Whirlwind","floor":11.0},{"not_picked":["Entrench","Rupture"],"picked":"Spot Weakness","floor":12.0},{"not_picked":["Cleave","Flex"],"picked":"Shrug It Off","floor":18.0},{"not_picked":["Fiend Fire","Berserk"],"picked":"Reaper","floor":33.0}],"player_experience":287624,"potions_floor_usage":[45],"damage_taken":[{"damage":12.0,"enemies":"Small Slimes","floor":1.0,"turns":3.0},{"damage":2.0,"enemies":"Jaw Worm","floor":2.0,"turns":7.0},{"damage":8.0,"enemies":"Cultist","floor":5.0,"turns":5.0},{"damage":10.0,"enemies":"Gremlin Gang","floor":7.0,"turns":4.0},{"damage":27.0,"enemies":"3 Sentries","floor":8.0,"turns":11.0},{"damage":0.0,"enemies":"Blue Slaver","floor":11.0,"turns":6.0},{"damage":6.0,"enemies":"Exordium Wildlife","floor":12.0,"turns":2.0},{"damage":31.0,"enemies":"The Guardian","floor":16.0,"turns":10.0},{"damage":47.0,"enemies":"Chosen","floor":18.0,"turns":8.0},{"damage":10.0,"enemies":"Spheric Guardian","floor":21.0,"turns":4.0},{"damage":14.0,"enemies":"3 Cultists","floor":27.0,"turns":4.0},{"damage":30.0,"enemies":"Snake Plant","floor":29.0,"turns":6.0},{"damage":108.0,"enemies":"Collector","floor":33.0,"turns":13.0},{"damage":36.0,"enemies":"3 Darklings","floor":35.0,"turns":5.0},{"damage":35.0,"enemies":"3 Shapes","floor":39.0,"turns":7.0},{"damage":28,"enemies":"3 Darklings","floor":41,"turns":6},{"damage":93,"enemies":"Maw","floor":45,"turns":10},{"damage":17,"enemies":"4 Shapes","floor":47,"turns":1}],"event_choices":[{"event_name":"The Cleric","player_choice":"Card Removal","floor":3.0,"damage_taken":0.0},{"event_name":"Big Fish","player_choice":"Donut","floor":4.0,"damage_taken":0.0},{"event_name":"Living Wall","player_choice":"Forget","floor":14.0,"damage_taken":0.0},{"event_name":"Drug Dealer","player_choice":"Ignored","floor":19.0,"damage_taken":0.0},{"event_name":"Forgotten Altar","player_choice":"Smashed Altar","floor":20.0,"damage_taken":0.0},{"event_name":"Bonfire Elementals","player_choice":"BASIC","floor":24.0,"damage_taken":0.0},{"event_name":"Addict","player_choice":"Obtained Relic","floor":31.0,"damage_taken":0.0},{"event_name":"Winding Halls","player_choice":"Writhe","floor":36.0,"damage_taken":0.0},{"event_name":"Mysterious Sphere","player_choice":"Ignore","floor":46,"damage_taken":0}],"boss_relics":[],"potions_floor_spawned":[5,7,12,16,29,41],"seed_played":"2323436584725279856","killed_by":"4 Shapes","ascension_level":14,"is_trial":false}