{"path_per_floor":["M","?","M","M","M","R","M","R","T","$","?","$","M","M","R","B",null,"M","?","$","M","?","R","M","?","T","M","M","M","$","M","R"],"character_chosen":"IRONCLAD","items_purchased":["Armaments","Blood Vial","Anchor","Meat on the Bone","Blind","Shrug It Off"],"gold_per_floor":[113,113,132,150,168,168,192,192,192,117,198,8,33,52,52,183,183,202,562,76,100,100,100,116,31,31,50,74,89,41,61,61,61],"floor_reached":33,"campfire_rested":2,"playtime":6131,"current_hp_per_floor":[80,80,80,80,70,70,66,66,66,66,26,26,30,28,52,23,80,75,35,35,44,44,44,30,30,30,43,50,48,48,51,75,0],"items_purged":["Injury"],"gold":61,"score":243,"play_id":"a9e6b2ce-b7df-445c-9143-51c13e6646da","local_time":"20180328190050","is_prod":false,"is_daily":false,"is_ascension_mode":false,"campfire_upgraded":3,"timestamp":1522278050,"path_taken":["M","?","M","?","?","R","M","R","T","$","?","?","?","M","R","BOSS","M","?","?","M","?","R","M","?","T","M","M","M","$","M","R","BOSS"],"build_version":"2018-03-22v2","purchased_purges":1,"victory":false,"master_deck":["Strike_R","Strike_R","Strike_R","Strike_R","Strike_R","Defend_R","Defend_R","Defend_R","Defend_R","Bash+1","Cleave","Pommel Strike","Battle Trance","Armaments+1","Metallicize+1","Pommel Strike","Armaments","Iron Wave","Shrug It Off","Offering","Ghostly Armor","Blind","Iron Wave","Flex","Searing Blow","Shrug It Off","Shrug It Off","Ghostly Armor"],"max_hp_per_floor":[80,80,80,80,80,80,80,80,80,80,80,80,80,80,80,80,80,80,80,80,80,80,80,80,80,80,80,80,80,80,80,80,80],"relics":["Burning Blood","Golden Idol","Unceasing Top","Happy Flower","Blood Vial","Black Star","Anchor","Meat on the Bone","Red Skull","Bag of Preparation"],"card_choices":[{"not_picked":["Ghostly Armor","Searing Blow"],"picked":"Cleave","floor":1},{"not_picked":["Twin Strike","Sword Boomerang"],"picked":"Pommel Strike","floor":3},{"not_picked":["Sword Boomerang","Combust"],"picked":"Battle Trance","floor":4},{"not_picked":["Reckless Charge","Thunderclap"],"picked":"Armaments","floor":5},{"not_picked":["Thunderclap","Sever Soul"],"picked":"Metallicize","floor":7},{"not_picked":["True Grit","Metallicize"],"picked":"Pommel Strike","floor":11},{"not_picked":["Clothesline","Demon Form"],"picked":"Iron Wave","floor":13},{"not_picked":["Cleave","Flame Barrier"],"picked":"Shrug It Off","floor":14},{"not_picked":["Double Tap","Fiend Fire"],"picked":"Offering","floor":16},{"not_picked":["Uppercut","Headbutt"],"picked":"Ghostly Armor","floor":18},{"not_picked":["Sword Boomerang","Rupture"],"picked":"Iron Wave","floor":21},{"not_picked":["Shrug It Off","Clash"],"picked":"Flex","floor":24},{"not_picked":["Twin Strike","True Grit"],"picked":"Searing Blow","floor":28},{"not_picked":["Pommel Strike","Power Through"],"picked":"Shrug It Off","floor":29},{"not_picked":["Twin Strike","Battle Trance"],"picked":"Ghostly Armor","floor":31}],"player_experience":0,"potions_floor_usage":[24,29,29,33],"damage_taken":[{"damage":4,"enemies":"2 Louse","floor":1,"turns":5},{"damage":5,"enemies":"Small Slimes","floor":3,"turns":4},{"damage":1,"enemies":"Cultist","floor":4,"turns":3},{"damage":16,"enemies":"Lots of Slimes","floor":5,"turns":4},{"damage":10,"enemies":"Large Slime","floor":7,"turns":5},{"damage":46,"enemies":"Lagavulin Event","floor":11,"turns":12},{"damage":4,"enemies":"2 Fungi Beasts","floor":13,"turns":3},{"damage":10,"enemies":"Exordium Wildlife","floor":14,"turns":8},{"damage":37,"enemies":"The Guardian","floor":16,"turns":16},{"damage":11,"enemies":"Shell Parasite","floor":18,"turns":12},{"damage":11,"enemies":"Spheric Guardian","floor":21,"turns":8},{"damage":40,"enemies":"Snecko","floor":24,"turns":13},{"damage":7,"enemies":"3 Cultists","floor":27,"turns":6},{"damage":13,"enemies":"Centurion and Healer","floor":28,"turns":10},{"damage":22,"enemies":"Cultist and Chosen","floor":29,"turns":7},{"damage":5,"enemies":"Snecko","floor":31,"turns":8},{"damage":101,"enemies":"Champ","floor":33,"turns":21}],"event_choices":[{"event_name":"Golden Idol","player_choice":"Take Wound","floor":2,"damage_taken":0},{"event_name":"Dead Adventurer","player_choice":"Searched \u00271\u0027 times","floor":11,"damage_taken":0},{"event_name":"Knowing Skull","player_choice":"GOLD GOLD GOLD GOLD ","floor":19,"damage_taken":0},{"event_name":"Cursed Tome","player_choice":"Ignored","floor":22,"damage_taken":0},{"event_name":"Addict","player_choice":"Obtained Relic","floor":25,"damage_taken":0}],"boss_relics":[{"not_picked":["Calling Bell","Question Card"],"picked":"Black Star"}],"potions_floor_spawned":[1,7,13,16,18,21,27,28],"seed_played":"5545935596922349395","killed_by":"Champ","ascension_level":0,"is_trial":false}