{"path_per_floor":["M","$","?","M","M","R","E","M","T","E","R","?","M","$","R","B",null,"M","?","?","$","M","R","?","?","T","?","R","M","R","M","R","B",null,"M","?"],"character_chosen":"IRONCLAD","items_purchased":["Ancient Tea Set","Exhume","War Paint"],"gold_per_floor":[119,44,44,58,78,78,105,92,115,147,147,147,167,17,17,141,141,155,455,355,49,49,49,49,49,72,72,72,92,92,107,107,211,211,226,226,226],"floor_reached":37,"campfire_rested":5,"playtime":2521,"current_hp_per_floor":[94,94,94,96,96,96,96,87,87,70,70,46,47,47,75,36,96,32,32,32,32,12,40,40,40,45,45,73,54,82,69,96,80,96,82,72,0],"items_purged":["Regret"],"gold":226,"score":400,"play_id":"afc82ca3-ce57-4230-9a2a-14068fe70d4c","local_time":"20180404215331","is_prod":false,"is_daily":false,"is_ascension_mode":false,"campfire_upgraded":2,"timestamp":1522893211,"path_taken":["M","$","?","M","M","R","E","M","T","E","R","?","M","$","R","BOSS","M","?","?","?","M","R","?","?","T","?","R","M","R","M","R","BOSS","M","?","M"],"build_version":"2018-03-29v2","purchased_purges":2,"victory":false,"master_deck":["Strike_R+1","Strike_R+1","Strike_R+1","Strike_R+1","Defend_R+1","Defend_R+1","Defend_R+1","Defend_R+1","Bash+1","Thunderclap","Battle Trance+1","Iron Wave","Heavy Blade","Limit Break+1","Battle Trance","J.A.X.","Exhume","Flex","Demon Form","Parasite","Regret","Pain","Rupture","Trip","Master of Strategy","Blind"],"max_hp_per_floor":[96,96,96,96,96,96,96,96,96,96,96,96,96,96,96,96,96,96,96,96,96,96,96,96,96,96,96,96,96,96,96,96,96,96,96,96,96],"relics":["Black Blood","Sundial","Juzu Bracelet","Whetstone","Bloody Idol","Ancient Tea Set","Old Coin","War Paint","Lantern","Calling Bell","Smiling Mask","Pen Nib","Regal Pillow"],"card_choices":[{"not_picked":["Clothesline","Blood for Blood"],"picked":"Thunderclap","floor":4.0},{"not_picked":["Anger","Cleave"],"picked":"Battle Trance","floor":8.0},{"not_picked":["Sword Boomerang","Bloodletting"],"picked":"Iron Wave","floor":10.0},{"not_picked":["Body Slam","Warcry"],"picked":"Heavy Blade","floor":13.0},{"not_picked":["Berserk","Double Tap"],"picked":"Limit Break","floor":16.0},{"not_picked":["Warcry","Thunderclap"],"picked":"Battle Trance","floor":18.0},{"not_picked":["Wild Strike","Carnage"],"picked":"Flex","floor":22.0},{"not_picked":["Dark Embrace","Brutality"],"picked":"Demon Form","floor":33},{"not_picked":["Perfected Strike","Sever Soul"],"picked":"Rupture","floor":35},{"not_picked":["Deep Breath","Thinking Ahead"],"picked":"Trip","floor":36},{"not_picked":["Swift Strike","Deep Breath"],"picked":"Master of Strategy","floor":36},{"not_picked":["Dark Shackles","Mind Blast"],"picked":"Blind","floor":36}],"player_experience":135155,"potions_floor_usage":[33],"damage_taken":[{"damage":8.0,"enemies":"Small Slimes","floor":1.0,"turns":3.0},{"damage":0.0,"enemies":"Jaw Worm","floor":4.0,"turns":3.0},{"damage":1.0,"enemies":"2 Louse","floor":5.0,"turns":3.0},{"damage":6.0,"enemies":"3 Sentries","floor":7.0,"turns":8.0},{"damage":15.0,"enemies":"Exordium Thugs","floor":8.0,"turns":5.0},{"damage":26.0,"enemies":"Lagavulin","floor":10.0,"turns":6.0},{"damage":5.0,"enemies":"Exordium Wildlife","floor":13.0,"turns":3.0},{"damage":45.0,"enemies":"The Guardian","floor":16.0,"turns":17.0},{"damage":74.0,"enemies":"Shell Parasite","floor":18.0,"turns":11.0},{"damage":30.0,"enemies":"2 Thieves","floor":22.0,"turns":5.0},{"damage":34.0,"enemies":"Snake Plant","floor":29.0,"turns":4.0},{"damage":28.0,"enemies":"Centurion and Healer","floor":31.0,"turns":6.0},{"damage":31,"enemies":"Collector","floor":33,"turns":5},{"damage":29,"enemies":"3 Shapes","floor":35,"turns":7},{"damage":74,"enemies":"3 Darklings","floor":37,"turns":5}],"event_choices":[{"event_name":"Living Wall","player_choice":"Grow","floor":3.0,"damage_taken":0.0},{"event_name":"Golden Idol","player_choice":"Take Damage","floor":12.0,"damage_taken":0.0},{"event_name":"The Mausoleum","player_choice":"Yes","floor":19.0,"damage_taken":0.0},{"event_name":"Drug Dealer","player_choice":"Got JAXXED","floor":20.0,"damage_taken":0.0},{"event_name":"Back to Basics","player_choice":"Simplicity","floor":24.0,"damage_taken":0.0},{"event_name":"Forgotten Altar","player_choice":"Gave Idol","floor":25.0,"damage_taken":0.0},{"event_name":"Purifier","player_choice":"One Purge","floor":27.0,"damage_taken":0.0},{"event_name":"SensoryStone","player_choice":"Memory 3","floor":36,"damage_taken":0}],"boss_relics":[{"not_picked":["Eternal Feather","Cursed Key"],"picked":"Calling Bell"}],"potions_floor_spawned":[1,5,8,31,33,35],"seed_played":"2253402092393853493","killed_by":"3 Darklings","ascension_level":0,"is_trial":false}