{"path_per_floor":["M","M","M","?","?","R","$","E","T","E","M","R","M","M","R"],"character_chosen":"IRONCLAD","items_purchased":[],"gold_per_floor":[114,126,140,140,90,90,15,41,41,72,87,87,97,109,109,109],"floor_reached":16,"campfire_rested":0,"playtime":1025,"current_hp_per_floor":[80,79,77,77,77,77,77,67,67,51,49,49,45,43,43,0],"items_purged":["Strike_R"],"gold":109,"score":112,"play_id":"cde6898d-fc2d-4548-919e-111e1945975c","local_time":"20180401151043","is_prod":false,"is_daily":false,"is_ascension_mode":false,"campfire_upgraded":3,"timestamp":1522609843,"path_taken":["M","?","M","?","?","R","?","E","T","E","M","R","M","?","R","BOSS"],"build_version":"2018-03-29v2","purchased_purges":1,"victory":false,"master_deck":["Strike_R","Strike_R","Strike_R","Strike_R","Defend_R","Defend_R","Defend_R","Defend_R","Bash","Cleave","Demon Form+1","Dual Wield","Offering+1","Warcry","Shrug It Off","Flex+1","Armaments"],"max_hp_per_floor":[80,80,80,80,80,80,80,80,80,80,80,80,80,80,80,80],"relics":["Burning Blood","Champion Belt","Pen Nib","Sundial","Regal Pillow"],"card_choices":[{"not_picked":["Blood for Blood","Clothesline"],"picked":"Cleave","floor":1},{"not_picked":["Perfected Strike","Wild Strike"],"picked":"Demon Form","floor":2},{"not_picked":["Anger","Twin Strike"],"picked":"Dual Wield","floor":3},{"not_picked":["Inflame","Intimidate"],"picked":"Offering","floor":8},{"not_picked":["Shockwave","Juggernaut"],"picked":"Warcry","floor":10},{"not_picked":["Bloodletting","Thunderclap"],"picked":"Shrug It Off","floor":11},{"not_picked":["Wild Strike","Double Tap"],"picked":"Flex","floor":13},{"not_picked":["Perfected Strike","Bloodletting"],"picked":"Armaments","floor":14}],"player_experience":68510,"potions_floor_usage":[10,10,16,16],"damage_taken":[{"damage":5,"enemies":"Cultist","floor":1,"turns":4},{"damage":7,"enemies":"Small Slimes","floor":2,"turns":4},{"damage":8,"enemies":"Jaw Worm","floor":3,"turns":3},{"damage":16,"enemies":"Lagavulin","floor":8,"turns":7},{"damage":22,"enemies":"Gremlin Nob","floor":10,"turns":4},{"damage":8,"enemies":"2 Fungi Beasts","floor":11,"turns":3},{"damage":10,"enemies":"3 Louse","floor":13,"turns":2},{"damage":8,"enemies":"Exordium Wildlife","floor":14,"turns":5},{"damage":46,"enemies":"Hexaghost","floor":16,"turns":9}],"event_choices":[{"event_name":"Accursed Blacksmith","player_choice":"Rummage","floor":4,"damage_taken":0},{"event_name":"The Cleric","player_choice":"Card Removal","floor":5,"damage_taken":0}],"boss_relics":[],"potions_floor_spawned":[1,8,13,14],"seed_played":"1341127902357786260","killed_by":"Hexaghost","ascension_level":0,"is_trial":false}