{"path_per_floor":["M","?","M","M","M","E","R","?","T","R","E","?","M","?","R","B",null,"M","?","$","?","?"],"character_chosen":"IRONCLAD","items_purchased":["Spot Weakness"],"gold_per_floor":[18,18,41,60,73,107,107,107,107,107,147,147,165,115,115,240,240,263,263,138,138,63,63],"floor_reached":23,"campfire_rested":2,"playtime":1037,"current_hp_per_floor":[80,60,66,71,77,45,45,29,29,53,39,39,36,36,60,32,80,83,67,67,67,67,0],"items_purged":["Defend_R"],"gold":63,"score":197,"play_id":"59760498-60da-4018-b3ca-c642c9765d9f","local_time":"20180409101503","is_prod":false,"is_daily":false,"is_ascension_mode":false,"campfire_upgraded":1,"timestamp":1523283303,"path_taken":["M","?","?","M","M","E","R","?","T","R","E","?","?","?","R","BOSS","M","?","$","?","?","E"],"build_version":"2018-04-05v2","purchased_purges":1,"victory":false,"master_deck":["Strike_R","Strike_R","Defend_R","Defend_R+1","Defend_R","Bash","Anger+1","Inflame","Infernal Blade+1","Flex","Flex+1","Feed","Shrug It Off+1","Spot Weakness+1","Cleave"],"max_hp_per_floor":[80,80,80,80,80,80,80,80,80,80,80,80,80,80,80,80,80,83,88,88,88,88,91],"relics":["Burning Blood","Ice Cream","Golden Idol","Smiling Mask","Toxic Egg 2","Torii","Philosopher\u0027s Stone"],"card_choices":[{"not_picked":["Pommel Strike","Corruption"],"picked":"Anger","floor":1},{"not_picked":["Shrug It Off","Feel No Pain"],"picked":"Inflame","floor":4},{"not_picked":["Uppercut","Anger"],"picked":"Infernal Blade","floor":5},{"not_picked":["Clothesline","Burning Pact"],"picked":"Flex","floor":6},{"not_picked":["Headbutt","Heavy Blade"],"picked":"Flex","floor":13},{"not_picked":["Double Tap","Fiend Fire"],"picked":"Feed","floor":16},{"not_picked":["Sever Soul","Heavy Blade"],"picked":"Shrug It Off","floor":18}],"player_experience":166398,"potions_floor_usage":[16,16],"damage_taken":[{"damage":0,"enemies":"2 Louse","floor":1,"turns":3},{"damage":0,"enemies":"Small Slimes","floor":3,"turns":4},{"damage":1,"enemies":"Cultist","floor":4,"turns":3},{"damage":0,"enemies":"Looter","floor":5,"turns":4},{"damage":38,"enemies":"3 Sentries","floor":6,"turns":8},{"damage":20,"enemies":"Gremlin Nob","floor":11,"turns":4},{"damage":9,"enemies":"2 Fungi Beasts","floor":13,"turns":3},{"damage":34,"enemies":"Slime Boss","floor":16,"turns":9},{"damage":1,"enemies":"Chosen","floor":18,"turns":4},{"damage":85,"enemies":"Slavers","floor":23,"turns":4}],"event_choices":[{"event_name":"Golden Idol","player_choice":"Take Damage","floor":2,"damage_taken":0},{"event_name":"Shining Light","player_choice":"Entered Light","floor":8,"damage_taken":0},{"event_name":"Living Wall","player_choice":"Forget","floor":12,"damage_taken":0},{"event_name":"The Cleric","player_choice":"Card Removal","floor":14,"damage_taken":0},{"event_name":"Forgotten Altar","player_choice":"Shed Blood","floor":19,"damage_taken":0},{"event_name":"The Library","player_choice":"Read","floor":21,"damage_taken":0},{"event_name":"Beggar","player_choice":"Gave Gold","floor":22,"damage_taken":0}],"boss_relics":[{"not_picked":["Orrery","Astrolabe"],"picked":"Philosopher\u0027s Stone"}],"potions_floor_spawned":[6,13,16],"seed_played":"-6627160524839263881","killed_by":"Slavers","ascension_level":0,"is_trial":false}