{"path_per_floor":["M","M","M","M","M","R","M","M","T","M","$","E","M","M","R","B",null,"M","M","$","M","M","E","M","?","T","R","M","?","?","M","R"],"character_chosen":"THE_SILENT","items_purchased":["Happy Flower","Flying Knee","Molten Egg 2"],"gold_per_floor":[113,127,144,161,176,176,193,207,207,226,58,83,102,122,122,224,224,235,253,3,22,37,72,92,92,92,92,105,30,30,44,44],"floor_reached":33,"campfire_rested":3,"playtime":2714,"current_hp_per_floor":[70,70,70,70,69,69,69,62,76,76,76,58,50,45,70,55,84,59,53,53,43,30,19,19,19,19,44,44,44,44,49,74],"items_purged":[],"gold":44,"score":305,"play_id":"c2be31db-155f-4b99-b97f-a04985ad56c6","is_prod":false,"is_daily":false,"is_ascension_mode":false,"campfire_upgraded":1,"path_taken":["M","M","M","M","M","R","M","M","T","M","$","E","M","M","R","BOSS","M","M","$","M","M","E","M","?","T","R","M","?","?","M","R","BOSS"],"build_version":"2018-02-12-PROD1","purchased_purges":0,"victory":false,"master_deck":["Defend_G","Defend_G","Defend_G","Defend_G","Strike_G","Strike_G","Strike_G","Strike_G","Survivor","Neutralize","Adrenaline","Deadly Poison+1","Backflip","Predator","Calculated Gamble","Quick Slash","Leg Sweep","Flying Knee","Slice","Flying Knee","Deadly Poison","Deadly Poison","Deadly Poison","After Image","Sucker Punch","Predator","PiercingWail","Expertise","Infinite Blades+1","Noxious Fumes","Endless Agony+1"],"max_hp_per_floor":[70,70,70,70,70,70,70,70,84,84,84,84,84,84,84,84,84,84,84,84,84,84,84,84,84,84,84,84,84,84,84,84],"relics":["Ring of the Snake","Mango","Happy Flower","Toolbox","Sozu","Molten Egg 2","Bottled Flame","Meat on the Bone"],"card_choices":[{"not_picked":["Backflip","Flying Knee"],"picked":"Deadly Poison"},{"not_picked":["Outmaneuver","Dodge and Roll"],"picked":"Backflip"},{"not_picked":["Dagger Throw","Dodge and Roll"],"picked":"Predator"},{"not_picked":["Venomology","Blur"],"picked":"Calculated Gamble"},{"not_picked":["Flying Knee","Escape Plan"],"picked":"Quick Slash"},{"not_picked":["PiercingWail","Well Laid Plans"],"picked":"Leg Sweep"},{"not_picked":["Dagger Spray","Dagger Throw"],"picked":"Flying Knee"},{"not_picked":["Dodge and Roll","Skewer"],"picked":"Slice"},{"not_picked":["Outmaneuver","Flying Knee"],"picked":"Deadly Poison"},{"not_picked":["Dagger Spray","Sucker Punch"],"picked":"Deadly Poison"},{"not_picked":["Flying Knee","Deflect"],"picked":"Deadly Poison"},{"not_picked":["Tools of the Trade","Night Terror"],"picked":"After Image"},{"not_picked":["Dagger Throw","Flying Knee"],"picked":"Sucker Punch"},{"not_picked":["Slice","PiercingWail"],"picked":"Predator"},{"not_picked":["Acrobatics","Flying Knee"],"picked":"PiercingWail"},{"not_picked":["Blade Dance","Deflect"],"picked":"Expertise"},{"not_picked":["Distraction","Blur"],"picked":"Infinite Blades"},{"not_picked":["Outmaneuver","Dagger Spray"],"picked":"Noxious Fumes"},{"not_picked":["Dodge and Roll","Flying Knee"],"picked":"Endless Agony"}],"player_experience":27940,"potions_floor_usage":[12,16,16],"damage_taken":[{"damage":0,"enemies":"Cultist","floor":1,"turns":3},{"damage":0,"enemies":"Small Slimes","floor":2,"turns":4},{"damage":0,"enemies":"Jaw Worm","floor":3,"turns":4},{"damage":0,"enemies":"3 Louse","floor":4,"turns":4},{"damage":1,"enemies":"Exordium Wildlife","floor":5,"turns":7},{"damage":0,"enemies":"Red Slaver","floor":7,"turns":4},{"damage":7,"enemies":"Looter","floor":8,"turns":2},{"damage":0,"enemies":"Exordium Thugs","floor":10,"turns":4},{"damage":18,"enemies":"Gremlin Nob","floor":12,"turns":4},{"damage":8,"enemies":"Red Slaver","floor":13,"turns":2},{"damage":5,"enemies":"3 Louse","floor":14,"turns":3},{"damage":15,"enemies":"The Guardian","floor":16,"turns":7},{"damage":25,"enemies":"2 Thieves","floor":18,"turns":4},{"damage":6,"enemies":"Shell Parasite","floor":19,"turns":5},{"damage":10,"enemies":"Cultist and Chosen","floor":21,"turns":7},{"damage":13,"enemies":"3 Cultists","floor":22,"turns":5},{"damage":11,"enemies":"Book of Stabbing","floor":23,"turns":7},{"damage":0,"enemies":"Snecko","floor":24,"turns":4},{"damage":12,"enemies":"Cultist and Chosen","floor":28,"turns":6},{"damage":7,"enemies":"Snake Plant","floor":31,"turns":4},{"damage":79,"enemies":"Collector","floor":33,"turns":10}],"event_choices":[{"event_name":"Drug Dealer","player_choice":"Ignored","floor":25,"damage_taken":0},{"event_name":"Beggar","player_choice":"Gave Gold","floor":29,"damage_taken":0},{"event_name":"Purifier","player_choice":"One Purge","floor":30,"damage_taken":0}],"boss_relics":[{"not_picked":["Runic Dome","Velvet Choker"],"picked":"Sozu"}],"potions_floor_spawned":[4,7,10,12,13,14,24,28,31],"seed_played":"-4807194801762084093","killed_by":"Collector","ascension_level":0,"is_trial":false}