{"path_per_floor":["M","?","M","?","M","R","M","M","T","$","R","M","?","M","R","B",null,"M","M","$","?","M","R","M","R","T","R","M","?","?","M","R","B",null,"M","$","?","M","?","E","M","R","T","M","$","R","E","M","R","B"],"character_chosen":"THE_SILENT","items_purchased":["Noxious Fumes"],"gold_per_floor":[109,109,119,119,131,131,142,154,178,25,25,42,69,88,88,190,190,200,217,117,117,133,133,153,153,178,178,191,116,116,134,134,234,234,249,124,84,101,156,215,230,230,230,240,90,90,119,131,131,131],"floor_reached":51,"campfire_rested":4,"playtime":5928,"current_hp_per_floor":[68,68,68,61,59,59,66,60,60,60,60,55,44,39,60,54,70,68,67,67,67,57,57,43,43,43,43,30,30,30,23,23,23,70,63,63,63,63,57,14,11,32,32,31,31,52,52,52,70,69],"items_purged":["Strike_G","Strike_G","Defend_G","Defend_G"],"gold":131,"score":576,"play_id":"7238ab1f-dcde-4d6a-8631-a7649046e98d","is_prod":false,"is_daily":false,"is_ascension_mode":false,"campfire_upgraded":6,"path_taken":["M","?","M","?","M","R","?","M","T","$","R","M","?","M","R","BOSS","M","M","$","?","M","R","M","R","T","R","M","?","?","M","R","BOSS","M","$","?","M","?","E","?","R","T","M","$","R","E","M","R","BOSS"],"build_version":"2018-02-15-PROD1","purchased_purges":4,"victory":true,"master_deck":["Defend_G","Defend_G","Strike_G+1","Strike_G+1","Survivor","Neutralize","Acrobatics","Infinite Blades+1","Well Laid Plans+1","Backflip+1","Blur+1","Noxious Fumes","Backflip+1","Tools of the Trade+1","Tools of the Trade+1","Noxious Fumes+1","Footwork+1","Blur+1","Venomology","Blur+1"],"max_hp_per_floor":[70,70,70,70,70,70,70,70,70,70,70,70,70,70,70,70,70,70,70,70,70,70,70,70,70,70,70,70,70,70,70,70,70,70,70,70,70,70,70,70,70,70,70,70,70,70,70,70,70,70],"relics":["Ring of the Snake","Whetstone","Odd Mushroom","Cursed Key","Bag of Marbles","Question Card","Calipers","Tiny Chest","Matryoshka"],"card_choices":[{"not_picked":["Bane","Slice"],"picked":"Acrobatics"},{"not_picked":["Masterful Stab","Deflect"],"picked":"Infinite Blades"},{"not_picked":["Crippling Poison","Flying Knee"],"picked":"Well Laid Plans"},{"not_picked":["Sucker Punch","Prepared"],"picked":"Backflip"},{"not_picked":["All Out Attack","Predator"],"picked":"Blur"},{"not_picked":["PiercingWail","Acrobatics"],"picked":"Backflip"},{"not_picked":["Bane","Riddle With Holes"],"picked":"Tools of the Trade"},{"not_picked":["Bullet Time","Envenom"],"picked":"Tools of the Trade"},{"not_picked":["Slice","Sucker Punch"],"picked":"Noxious Fumes"},{"not_picked":["Dagger Spray","Sucker Punch"],"picked":"Footwork"},{"not_picked":["Tools of the Trade","Unload"],"picked":"Venomology"},{"not_picked":["After Image","Leg Sweep","Quick Slash"],"picked":"Blur"}],"player_experience":54403,"potions_floor_usage":[7,8,8,19,22,24,33,35,38,38,39,39,40,40,40,41,47,47,47,48,50,50,50],"damage_taken":[{"damage":2,"enemies":"Small Slimes","floor":1,"turns":4},{"damage":0,"enemies":"2 Louse","floor":3,"turns":3},{"damage":2,"enemies":"Jaw Worm","floor":5,"turns":5},{"damage":5,"enemies":"Exordium Wildlife","floor":7,"turns":8},{"damage":6,"enemies":"Large Slime","floor":8,"turns":7},{"damage":5,"enemies":"2 Fungi Beasts","floor":12,"turns":4},{"damage":11,"enemies":"The Mushroom Lair","floor":13,"turns":5},{"damage":5,"enemies":"Looter","floor":14,"turns":4},{"damage":6,"enemies":"Slime Boss","floor":16,"turns":15},{"damage":2,"enemies":"Shell Parasite","floor":18,"turns":8},{"damage":1,"enemies":"Chosen","floor":19,"turns":6},{"damage":10,"enemies":"3 Cultists","floor":22,"turns":6},{"damage":14,"enemies":"Slaver and Parasite","floor":24,"turns":7},{"damage":13,"enemies":"Cultist and Chosen","floor":28,"turns":8},{"damage":7,"enemies":"Centurion and Healer","floor":31,"turns":8},{"damage":0,"enemies":"Automaton","floor":33,"turns":13},{"damage":7,"enemies":"3 Shapes","floor":35,"turns":7},{"damage":0,"enemies":"3 Darklings","floor":38,"turns":6},{"damage":6,"enemies":"Mysterious Sphere","floor":39,"turns":6},{"damage":43,"enemies":"2 Orb Walkers","floor":40,"turns":7},{"damage":3,"enemies":"4 Shapes","floor":41,"turns":7},{"damage":1,"enemies":"Maw","floor":44,"turns":12},{"damage":0,"enemies":"Giant Head","floor":47,"turns":14},{"damage":0,"enemies":"Sphere and 2 Shapes","floor":48,"turns":6},{"damage":1,"enemies":"Donu and Deca","floor":50,"turns":13}],"event_choices":[{"event_name":"Living Wall","player_choice":"Grow","floor":2,"damage_taken":0},{"event_name":"Golden Wing","player_choice":"Card Removal","floor":4,"damage_taken":0},{"event_name":"Mushrooms","player_choice":"Fought Mushrooms","floor":13,"damage_taken":0},{"event_name":"Back to Basics","player_choice":"Elegance","floor":21,"damage_taken":0},{"event_name":"Beggar","player_choice":"Gave Gold","floor":29,"damage_taken":0},{"event_name":"Duplicator","player_choice":"One dupe","floor":30,"damage_taken":0},{"event_name":"The Woman in Blue","player_choice":"Bought 3 Potions","floor":37,"damage_taken":0},{"event_name":"Mysterious Sphere","player_choice":"Fight","floor":39,"damage_taken":0}],"boss_relics":[{"not_picked":["Eternal Feather","Runic Pyramid"],"picked":"Cursed Key"},{"not_picked":["Astrolabe","Velvet Choker"],"picked":"Question Card"}],"potions_floor_spawned":[1,5,7,16,19,22,31,38,39,47,48],"seed_played":"-8670530077514566064","ascension_level":0,"is_trial":false}