{"path_per_floor":["M","?","?","M","$","E","R","M","T","$","M","M","$","M","R","B",null,"M","?","?","M","T","E","M"],"character_chosen":"THE_SILENT","items_purchased":["Venomology"],"gold_per_floor":[116,291,241,261,186,216,216,229,256,3,15,27,27,41,41,139,139,155,80,80,91,91,116,127],"floor_reached":25,"campfire_rested":1,"playtime":2269,"current_hp_per_floor":[69,69,69,69,69,23,23,16,16,16,28,20,20,13,49,22,70,69,69,56,56,56,13,6],"items_purged":["Strike_G","Defend_G"],"gold":127,"score":223,"play_id":"86445520-ee58-46a5-a8e3-78bb8acb447e","is_prod":false,"is_daily":false,"is_ascension_mode":false,"campfire_upgraded":1,"path_taken":["M","?","?","M","$","E","R","M","T","?","M","?","$","M","R","BOSS","M","?","?","M","?","E","M","?"],"build_version":"2018-02-15-PROD1","purchased_purges":2,"victory":false,"master_deck":["Defend_G","Defend_G","Defend_G","Defend_G","Strike_G","Strike_G","Strike_G","Survivor","Neutralize","Prepared","Sucker Punch","Backflip+1","Venomology","Deadly Poison","Leg Sweep","Venomology","Expertise","Poisoned Stab","Parasite","Distraction+1","Acrobatics+1"],"max_hp_per_floor":[70,70,70,70,70,70,70,70,70,70,70,70,70,70,70,70,70,70,70,75,75,75,75,75],"relics":["Ring of the Snake","Regal Pillow","Snake Skull","Cursed Key","Ginger","Orichalcum"],"card_choices":[{"not_picked":["Choke","Bane"],"picked":"Prepared"},{"not_picked":["Escape Plan","Deflect"],"picked":"Sucker Punch"},{"not_picked":["Deflect","Well Laid Plans"],"picked":"Backflip"},{"not_picked":["Deflect","All Out Attack"],"picked":"Deadly Poison"},{"not_picked":["A Thousand Cuts","Flying Knee"],"picked":"Leg Sweep"},{"not_picked":["Bullet Time","Night Terror"],"picked":"Venomology"},{"not_picked":["Dagger Throw","Leg Sweep"],"picked":"Expertise"},{"not_picked":["Bane","Blade Dance"],"picked":"Poisoned Stab"},{"not_picked":["Outmaneuver","Eviscerate"],"picked":"Distraction"},{"not_picked":["Eviscerate","After Image"],"picked":"Acrobatics"}],"player_experience":52134,"potions_floor_usage":[6,6,11,11,12,14,14,16,16,18,18,21,23,23,23,23,24,24,25,25,25,25],"damage_taken":[{"damage":1,"enemies":"Cultist","floor":1,"turns":5},{"damage":0,"enemies":"2 Louse","floor":4,"turns":2},{"damage":46,"enemies":"Lagavulin","floor":6,"turns":10},{"damage":7,"enemies":"Small Slimes","floor":8,"turns":3},{"damage":0,"enemies":"Exordium Wildlife","floor":11,"turns":6},{"damage":8,"enemies":"Looter","floor":12,"turns":4},{"damage":7,"enemies":"2 Fungi Beasts","floor":14,"turns":4},{"damage":27,"enemies":"The Guardian","floor":16,"turns":18},{"damage":1,"enemies":"3 Byrds","floor":18,"turns":9},{"damage":0,"enemies":"Shell Parasite","floor":21,"turns":8},{"damage":43,"enemies":"Gremlin Leader","floor":23,"turns":6},{"damage":7,"enemies":"Snake Plant","floor":24,"turns":6},{"damage":3,"enemies":"Centurion and Healer","floor":25,"turns":7}],"event_choices":[{"event_name":"Liars Game","player_choice":"agreed","floor":2,"damage_taken":0},{"event_name":"The Cleric","player_choice":"Card Removal","floor":3,"damage_taken":0},{"event_name":"Beggar","player_choice":"Gave Gold","floor":19,"damage_taken":0},{"event_name":"Forgotten Altar","player_choice":"Shed Blood","floor":20,"damage_taken":0}],"boss_relics":[{"not_picked":["Ectoplasm","Calling Bell"],"picked":"Cursed Key"}],"potions_floor_spawned":[1,6,14,18,24],"seed_played":"6194392382885839608","killed_by":"Centurion and Healer","ascension_level":0,"is_trial":false}