{"path_per_floor":["M","?","$","?","M","R","E","R","T","M","E","M","M","M","R"],"character_chosen":"THE_SILENT","items_purchased":["Prepared","Dagger Spray"],"gold_per_floor":[117,117,38,138,150,150,185,185,254,274,302,319,330,350,350],"floor_reached":16,"campfire_rested":1,"playtime":457,"current_hp_per_floor":[70,63,63,63,63,63,63,63,63,63,52,34,34,20,41],"items_purged":[],"gold":350,"score":151,"play_id":"8fd99df9-633c-4e7e-a735-9e56eb82fc85","local_time":"20180315041830","is_prod":false,"is_daily":false,"is_ascension_mode":true,"campfire_upgraded":2,"timestamp":1521105510,"path_taken":["M","?","$","?","M","R","E","R","T","M","E","M","M","M","R","BOSS"],"build_version":"2018-03-09","purchased_purges":0,"victory":false,"master_deck":["Defend_G","Defend_G","Defend_G","Defend_G","Defend_G","Strike_G","Strike_G","Strike_G","Strike_G","Survivor","Neutralize+1","Reflex+1","Prepared","Dagger Spray","Dagger Throw","Sucker Punch","Tactician","Malaise","Noxious Fumes","Outmaneuver"],"max_hp_per_floor":[70,70,70,70,70,70,70,70,70,70,70,70,70,70,70],"relics":["Ring of the Snake","NeowsBlessing","Lantern","Paper Crane","Omamori"],"card_choices":[{"not_picked":["Bane","Choke"],"picked":"Reflex"},{"not_picked":["Flying Knee","Flechettes"],"picked":"Dagger Throw"},{"not_picked":["Reflex","Backflip"],"picked":"Sucker Punch"},{"not_picked":["Slice","Well Laid Plans"],"picked":"Tactician"},{"not_picked":["Skewer","Dodge and Roll"],"picked":"Malaise"},{"not_picked":["Riddle With Holes","Dash"],"picked":"Noxious Fumes"},{"not_picked":["Underhanded Strike","Deflect"],"picked":"Outmaneuver"}],"player_experience":186217,"potions_floor_usage":[14,16],"damage_taken":[{"damage":0,"enemies":"2 Louse","floor":1,"turns":1},{"damage":0,"enemies":"Small Slimes","floor":5,"turns":1},{"damage":0,"enemies":"Lagavulin","floor":7,"turns":1},{"damage":0,"enemies":"Jaw Worm","floor":10,"turns":2},{"damage":11,"enemies":"3 Sentries","floor":11,"turns":7},{"damage":18,"enemies":"Exordium Thugs","floor":12,"turns":5},{"damage":0,"enemies":"Looter","floor":13,"turns":3},{"damage":14,"enemies":"Exordium Wildlife","floor":14,"turns":5},{"damage":12,"enemies":"Slime Boss","floor":16,"turns":6}],"event_choices":[{"event_name":"Golden Wing","player_choice":"Card Removal","floor":2,"damage_taken":0},{"event_name":"Wheel of Change","player_choice":"Gold","floor":4,"damage_taken":0}],"boss_relics":[],"potions_floor_spawned":[5,7,12],"seed_played":"-6161205028359051076","killed_by":"Slime Boss","ascension_level":2,"is_trial":false}