{"path_per_floor":["M","M","M","T","?","E","R","M","T","T","R","$","R","M","R","B",null,"M","?","$","?","?"],"character_chosen":"THE_SILENT","items_purchased":["Accuracy","Storm of Steel"],"gold_per_floor":[18,30,44,113,113,142,142,159,159,186,186,74,74,88,88,183,183,196,196,52,52,52],"floor_reached":23,"campfire_rested":3,"playtime":730,"current_hp_per_floor":[70,70,64,64,69,18,40,39,39,39,61,61,61,52,74,32,81,53,53,53,53,53],"items_purged":["Strike_G"],"gold":52,"score":196,"play_id":"5efb947d-55fa-46d3-b8f7-f295c71319a3","local_time":"20180313231435","is_prod":false,"is_daily":false,"is_ascension_mode":true,"campfire_upgraded":1,"timestamp":1521000875,"path_taken":["M","M","M","?","?","E","R","M","T","?","R","$","R","M","R","BOSS","M","?","?","?","?","E"],"build_version":"2018-03-09","purchased_purges":1,"victory":false,"master_deck":["Defend_G+1","Defend_G+1","Defend_G+1","Defend_G+1","Defend_G+1","Strike_G+1","Strike_G+1","Strike_G+1","Strike_G+1","Survivor","Neutralize","PiercingWail","Prepared+1","Predator","Acrobatics","Reflex","Accuracy","Cloak And Dagger","Tactician","Infinite Blades","Cloak And Dagger","Storm of Steel"],"max_hp_per_floor":[70,70,70,70,75,75,75,75,75,75,75,75,75,75,75,75,81,83,83,83,83,83],"relics":["Ring of the Snake","Bird Faced Urn","Pantograph","Singing Bowl","Bag of Marbles","Juzu Bracelet","Orrery"],"card_choices":[{"not_picked":["Distraction","Underhanded Strike"],"picked":"PiercingWail"},{"not_picked":["Backflip","Cloak And Dagger"],"picked":"Prepared"},{"not_picked":["Dash","Deflect"],"picked":"Predator"},{"not_picked":["Underhanded Strike","Dash"],"picked":"Acrobatics"},{"not_picked":["Poisoned Stab","Setup"],"picked":"Reflex"},{"not_picked":["Caltrops","Dagger Throw"],"picked":"Cloak And Dagger"},{"not_picked":["Unload","Wraith Form"],"picked":"Tactician"},{"not_picked":["Backflip","Dodge and Roll"],"picked":"Infinite Blades"},{"not_picked":["Setup","Riddle With Holes"],"picked":"Cloak And Dagger"}],"player_experience":175548,"potions_floor_usage":[16,16,16,23],"damage_taken":[{"damage":0,"enemies":"Cultist","floor":1,"turns":4},{"damage":0,"enemies":"Small Slimes","floor":2,"turns":5},{"damage":6,"enemies":"Jaw Worm","floor":3,"turns":6},{"damage":51,"enemies":"Lagavulin","floor":6,"turns":9},{"damage":1,"enemies":"3 Louse","floor":8,"turns":4},{"damage":9,"enemies":"Blue Slaver","floor":14,"turns":2},{"damage":43,"enemies":"Slime Boss","floor":16,"turns":10},{"damage":32,"enemies":"Chosen","floor":18,"turns":7},{"damage":58,"enemies":"Gremlin Leader","floor":23,"turns":7}],"event_choices":[{"event_name":"Big Fish","player_choice":"Donut","floor":5,"damage_taken":0},{"event_name":"Back to Basics","player_choice":"Simplicity","floor":19,"damage_taken":0},{"event_name":"Cursed Tome","player_choice":"Ignored","floor":21,"damage_taken":0},{"event_name":"Addict","player_choice":"Ignored","floor":22,"damage_taken":0}],"boss_relics":[{"not_picked":["Runic Dome","Velvet Choker"],"picked":"Orrery"}],"potions_floor_spawned":[2,6,8,14,16],"seed_played":"-1501881364571161890","killed_by":"Gremlin Leader","ascension_level":1,"is_trial":false}