{"path_per_floor":["M","M","M","$","?","R","?","R","T","M","R","$","M","M","R","B",null,"M","M","M","$","?","R","?","M","T","M","M","?","R","M","R","B",null,"M","$","M","?","M","R","M","$","T","?","?","M","R","?","R"],"character_chosen":"THE_SILENT","items_purchased":["Noxious Fumes","Dagger Spray","Footwork","A Thousand Cuts","Dagger Spray"],"gold_per_floor":[115,129,149,28,28,28,28,28,28,38,38,38,50,60,60,160,160,178,192,206,58,58,58,58,76,125,140,153,203,203,213,213,316,316,333,96,106,106,117,117,136,113,113,113,113,128,128,128,128],"floor_reached":50,"campfire_rested":6,"playtime":1845,"current_hp_per_floor":[63,62,62,62,55,55,55,55,55,51,51,51,52,52,70,65,70,70,70,61,61,61,61,61,66,66,52,34,34,55,53,70,61,70,56,56,31,61,15,33,33,33,33,33,33,27,45,37,55],"items_purged":["Strike_G","Strike_G"],"gold":128,"score":504,"play_id":"5b5abca3-3147-45ab-866d-61afd7b4009b","local_time":"20180315041044","is_prod":false,"is_daily":false,"is_ascension_mode":true,"campfire_upgraded":4,"timestamp":1521105044,"path_taken":["M","M","?","$","?","R","?","R","T","?","R","?","M","?","R","BOSS","M","?","M","$","?","R","?","M","T","M","M","?","R","M","R","BOSS","M","$","M","?","M","R","M","$","T","?","?","M","R","?","R","BOSS"],"build_version":"2018-03-09","purchased_purges":2,"victory":false,"master_deck":["Defend_G","Defend_G","Defend_G","Defend_G","Defend_G","Strike_G","Strike_G","Strike_G","Survivor","Neutralize+1","Flying Knee","PiercingWail","Bouncing Flask+1","Noxious Fumes+1","Dagger Spray+1","Deflect","Blur+1","Blur+1","Venomology","Well Laid Plans","Flechettes+1","Footwork","Caltrops","Poisoned Stab+1","Backflip","Deadly Poison","Envenom","A Thousand Cuts","Riddle With Holes+1","Dagger Spray","Writhe","Decay","Crippling Poison+1","Madness","Madness"],"max_hp_per_floor":[70,70,70,70,70,70,70,70,70,70,70,70,70,70,70,70,70,70,70,70,70,70,70,70,70,70,70,70,70,70,70,70,70,70,70,70,70,61,61,61,61,61,61,61,61,61,61,61,61],"relics":["Ring of the Snake","Bag of Preparation","Mummified Hand","Bird Faced Urn","Cursed Key","Juzu Bracelet","Orrery","Torii","Spirit Poop"],"card_choices":[{"not_picked":["Distraction","Poisoned Stab"],"picked":"Flying Knee"},{"not_picked":["Prepared","Concentrate"],"picked":"PiercingWail"},{"not_picked":["Underhanded Strike","Catalyst"],"picked":"Bouncing Flask"},{"not_picked":["Sucker Punch","Slice"],"picked":"Deflect"},{"not_picked":["Reflex","Quick Slash"],"picked":"Blur"},{"not_picked":["Bane","Dagger Throw"],"picked":"Blur"},{"not_picked":["Phantasmal Killer","Night Terror"],"picked":"Venomology"},{"not_picked":["Setup","Crippling Poison"],"picked":"Well Laid Plans"},{"not_picked":["Dagger Throw","Cloak And Dagger"],"picked":"Flechettes"},{"not_picked":["Underhanded Strike","Backflip"],"picked":"Caltrops"},{"not_picked":["Choke","Sucker Punch"],"picked":"Poisoned Stab"},{"not_picked":["Phantasmal Killer","Malaise"],"picked":"Backflip"},{"not_picked":["Crippling Poison","Backflip"],"picked":"Deadly Poison"},{"not_picked":["Underhanded Strike","Sucker Punch"],"picked":"Envenom"},{"not_picked":["Dash","Calculated Gamble"],"picked":"Riddle With Holes"},{"not_picked":["Deadly Poison","Quick Slash"],"picked":"Crippling Poison"}],"player_experience":184372,"potions_floor_usage":[13,16,16,19,20,25,25,25,27,28,33,33,33,35,39,41,46,46,46,50],"damage_taken":[{"damage":7,"enemies":"Cultist","floor":1,"turns":4},{"damage":1,"enemies":"Jaw Worm","floor":2,"turns":4},{"damage":0,"enemies":"Small Slimes","floor":3,"turns":3},{"damage":6,"enemies":"Looter","floor":10,"turns":3},{"damage":1,"enemies":"Exordium Thugs","floor":13,"turns":3},{"damage":0,"enemies":"3 Louse","floor":14,"turns":1},{"damage":5,"enemies":"Slime Boss","floor":16,"turns":9},{"damage":0,"enemies":"Chosen","floor":18,"turns":5},{"damage":0,"enemies":"Spheric Guardian","floor":19,"turns":2},{"damage":9,"enemies":"Centurion and Healer","floor":20,"turns":6},{"damage":1,"enemies":"Cultist and Chosen","floor":25,"turns":5},{"damage":20,"enemies":"Snecko","floor":27,"turns":5},{"damage":26,"enemies":"3 Cultists","floor":28,"turns":6},{"damage":10,"enemies":"Centurion and Healer","floor":31,"turns":6},{"damage":11,"enemies":"Champ","floor":33,"turns":15},{"damage":30,"enemies":"3 Shapes","floor":35,"turns":6},{"damage":35,"enemies":"3 Darklings","floor":37,"turns":6},{"damage":54,"enemies":"4 Shapes","floor":39,"turns":8},{"damage":12,"enemies":"Maw","floor":41,"turns":8},{"damage":12,"enemies":"3 Darklings","floor":46,"turns":3},{"damage":62,"enemies":"Awakened One","floor":50,"turns":3}],"event_choices":[{"event_name":"Scrap Ooze","player_choice":"success","floor":5,"damage_taken":7},{"event_name":"Living Wall","player_choice":"Grow","floor":7,"damage_taken":0},{"event_name":"Accursed Blacksmith","player_choice":"Forge","floor":22,"damage_taken":0},{"event_name":"Beggar","player_choice":"Ignored","floor":24,"damage_taken":0},{"event_name":"The Joust","player_choice":"Bet on Murderer","floor":29,"damage_taken":0},{"event_name":"The Moai Head","player_choice":"Heal","floor":38,"damage_taken":0},{"event_name":"Bonfire Elementals","player_choice":"CURSE","floor":44,"damage_taken":0},{"event_name":"Wheel of Change","player_choice":"Curse","floor":45,"damage_taken":0},{"event_name":"Winding Halls","player_choice":"Embrace Madness","floor":48,"damage_taken":0}],"boss_relics":[{"not_picked":["Tiny House","Runic Dome"],"picked":"Cursed Key"},{"not_picked":["Snecko Eye","Velvet Choker"],"picked":"Orrery"}],"potions_floor_spawned":[1,3,13,16,18,20,28,39,41],"seed_played":"7309054838764009831","killed_by":"Awakened One","ascension_level":2,"is_trial":false}