{"path_per_floor":["M","M","?","$","?","R","M","E","T","M","M","M","R","?","R","B",null,"M","?","$","M","M","R","E","R","T","E","M","M","M","M","R","B",null,"M","$","?","M","M","E","M","R","T","R","$","?","T","M","R","B"],"character_chosen":"THE_SILENT","items_purchased":["Noxious Fumes","Snake Skull","Bottled Tornado"],"gold_per_floor":[114,128,128,55,55,55,65,124,150,169,182,194,194,144,144,242,242,253,253,34,47,62,62,92,92,92,119,133,148,168,188,188,288,288,308,60,60,80,97,126,146,146,146,146,46,46,122,140,140,140],"floor_reached":51,"campfire_rested":3,"playtime":2556,"current_hp_per_floor":[70,70,75,75,60,60,60,22,22,16,11,11,33,33,55,46,75,75,75,75,63,56,56,56,56,56,34,48,60,32,48,72,73,81,62,62,62,65,81,73,72,72,72,72,72,72,72,79,79,70],"items_purged":["Strike_G","Strike_G"],"gold":140,"score":868,"play_id":"38f79d64-a38f-4bb8-a366-75a8c48cb638","local_time":"20180413235604","is_prod":false,"is_daily":false,"chose_seed":false,"is_ascension_mode":true,"campfire_upgraded":6,"timestamp":1523681764,"path_taken":["M","M","?","$","?","R","M","E","T","?","M","?","R","?","R","BOSS","M","?","$","M","M","R","E","R","T","E","?","?","M","M","R","BOSS","M","$","?","M","M","E","?","R","T","R","$","?","?","M","R","BOSS"],"build_version":"2018-04-12","seed_source_timestamp":2857379565348488,"purchased_purges":2,"victory":true,"master_deck":["Defend_G","Defend_G","Defend_G","Defend_G","Defend_G","Strike_G+1","Strike_G","Survivor","Neutralize+1","Sucker Punch","Backflip+1","Noxious Fumes+1","PiercingWail","Noxious Fumes+1","Footwork+1","Deflect","Adrenaline+1","Footwork+1","Well Laid Plans","Bane+1","Wraith Form v2","Deadly Poison+1","Well Laid Plans","Tools of the Trade","Infinite Blades","A Thousand Cuts","Bouncing Flask+1","Deadly Poison+1","Master of Strategy","Injury"],"max_hp_per_floor":[70,70,75,75,75,75,75,75,75,75,75,75,75,75,75,75,75,75,75,75,75,75,75,75,75,75,77,77,79,79,81,81,81,81,83,83,83,85,85,87,87,87,87,87,87,87,87,89,89,89],"relics":["Sozu","Tiny Chest","Anchor","Orrery","Snake Skull","Bird Faced Urn","Kunai","Singing Bowl","Cursed Key","Bottled Tornado","Pantograph","Bottled Lightning"],"card_choices":[{"not_picked":["Choke","Flying Knee"],"picked":"Sucker Punch","floor":1},{"not_picked":["Terror","Sucker Punch"],"picked":"Backflip","floor":2},{"not_picked":["Backflip","Quick Slash"],"picked":"PiercingWail","floor":7},{"not_picked":["Riddle With Holes","Leg Sweep"],"picked":"Noxious Fumes","floor":10},{"not_picked":["Glass Knife","Acrobatics"],"picked":"Footwork","floor":11},{"not_picked":["Flying Knee","PiercingWail"],"picked":"Deflect","floor":12},{"not_picked":["Die Die Die","Tools of the Trade"],"picked":"Adrenaline","floor":16},{"not_picked":["Sucker Punch","Prepared"],"picked":"Bane","floor":17},{"not_picked":["Bane","Flying Knee"],"picked":"Footwork","floor":17},{"not_picked":["Acrobatics","Slice"],"picked":"Well Laid Plans","floor":17},{"not_picked":["Deflect","Quick Slash"],"picked":"Bane","floor":18},{"not_picked":["Tactician","Dodge and Roll"],"picked":"Deadly Poison","floor":21},{"not_picked":["Cloak And Dagger","Finisher"],"picked":"Well Laid Plans","floor":24},{"not_picked":["Bane","Dagger Throw"],"picked":"Tools of the Trade","floor":28},{"not_picked":["Malaise","Prepared"],"picked":"Infinite Blades","floor":30},{"not_picked":["Corpse Explosion","Tactician"],"picked":"A Thousand Cuts","floor":33},{"not_picked":["Sucker Punch","Flying Knee"],"picked":"Bouncing Flask","floor":39},{"not_picked":["Malaise","PiercingWail"],"picked":"Deadly Poison","floor":41},{"not_picked":["Swift Strike","Mind Blast"],"picked":"Master of Strategy","floor":46}],"player_experience":248690,"potions_floor_usage":[],"damage_taken":[{"damage":0,"enemies":"Small Slimes","floor":1,"turns":4},{"damage":0,"enemies":"2 Louse","floor":2,"turns":3},{"damage":0,"enemies":"Jaw Worm","floor":7,"turns":3},{"damage":38,"enemies":"Gremlin Nob","floor":8,"turns":6},{"damage":6,"enemies":"Red Slaver","floor":10,"turns":5},{"damage":5,"enemies":"Lots of Slimes","floor":11,"turns":3},{"damage":0,"enemies":"Gremlin Gang","floor":12,"turns":5},{"damage":9,"enemies":"Slime Boss","floor":16,"turns":10},{"damage":0,"enemies":"3 Byrds","floor":18,"turns":4},{"damage":12,"enemies":"2 Thieves","floor":21,"turns":5},{"damage":7,"enemies":"3 Cultists","floor":22,"turns":6},{"damage":0,"enemies":"Gremlin Leader","floor":24,"turns":6},{"damage":38,"enemies":"Slavers","floor":27,"turns":6},{"damage":0,"enemies":"Snake Plant","floor":28,"turns":6},{"damage":6,"enemies":"Centurion and Healer","floor":29,"turns":6},{"damage":44,"enemies":"3 Cultists","floor":30,"turns":7},{"damage":4,"enemies":"Slaver and Parasite","floor":31,"turns":5},{"damage":12,"enemies":"Automaton","floor":33,"turns":11},{"damage":29,"enemies":"3 Darklings","floor":35,"turns":6},{"damage":19,"enemies":"3 Shapes","floor":38,"turns":6},{"damage":4,"enemies":"Maw","floor":39,"turns":9},{"damage":30,"enemies":"2 Orb Walkers","floor":40,"turns":7},{"damage":19,"enemies":"Sphere and 2 Shapes","floor":41,"turns":6},{"damage":10,"enemies":"4 Shapes","floor":48,"turns":6},{"damage":25,"enemies":"Time Eater","floor":50,"turns":13}],"event_choices":[{"event_name":"Big Fish","player_choice":"Donut","floor":3,"damage_taken":0},{"event_name":"Shining Light","player_choice":"Entered Light","floor":5,"damage_taken":0},{"event_name":"The Cleric","player_choice":"Card Removal","floor":14,"damage_taken":0},{"event_name":"The Library","player_choice":"Read","floor":19,"damage_taken":0},{"event_name":"SensoryStone","player_choice":"Memory 1","floor":46,"damage_taken":0}],"boss_relics":[{"not_picked":["Runic Pyramid","Snecko Eye"],"picked":"Orrery"},{"not_picked":["Lizard Tail","Velvet Choker"],"picked":"Cursed Key"}],"potions_floor_spawned":[1,8,12,21,28,29,33,39,40],"seed_played":"-6240993451448584108","ascension_level":2,"is_trial":false}