{"path_per_floor":["M","M","$","M","M","R","E","R","T","E","?","?","E","M","R","B",null,"M","M","$","?","M","R","E","M","T","?","R","?","$","?","R","B",null,"M","M","M","M","M"],"character_chosen":"IRONCLAD","items_purchased":["True Grit","Thunderclap","Cleave","Dropkick","Twin Strike","Inflame","Pummel"],"gold_per_floor":[118,131,7,19,33,33,65,65,65,100,100,100,136,150,150,280,280,300,316,222,222,235,235,271,296,322,322,322,322,94,94,94,219,219,233,258,271,286,311,311],"floor_reached":40,"campfire_rested":1,"playtime":2252,"current_hp_per_floor":[44,41,41,47,53,53,37,37,37,26,80,60,65,70,70,67,80,80,63,63,55,53,53,41,29,29,29,29,29,29,29,70,29,87,87,87,60,60,47,0],"items_purged":["Strike_R"],"gold":311,"score":453,"play_id":"af7124fb-0e4f-409e-bdea-b9609aafa343","local_time":"20180414223651","is_prod":false,"is_daily":false,"chose_seed":false,"is_ascension_mode":false,"campfire_upgraded":5,"timestamp":1523770611,"path_taken":["M","M","$","M","M","R","E","R","T","E","?","?","E","M","R","BOSS","M","M","$","?","M","R","E","M","T","?","R","?","?","?","R","BOSS","M","M","M","M","M","E"],"build_version":"2018-04-12","seed_source_timestamp":269651261497244,"purchased_purges":1,"victory":false,"master_deck":["Strike_R","Strike_R","Strike_R","Defend_R","Defend_R","Defend_R","Bash","Cleave","Warcry","Uppercut+1","True Grit","Thunderclap","Cleave","Infernal Blade+1","Warcry","Shrug It Off","Clash","Infernal Blade+1","Flame Barrier+1","Demon Form+1","Headbutt+1","Dropkick","Twin Strike","Bloodletting+1","Intimidate+1","Twin Strike","Inflame","Pummel","Thunderclap","Warcry+1","Pommel Strike+1","Infernal Blade+1","Warcry+1","Reckless Charge+1"],"max_hp_per_floor":[80,80,80,80,80,80,80,80,80,80,80,80,80,80,80,80,80,80,80,80,80,80,80,87,87,87,87,87,87,87,87,87,87,87,87,87,87,87,87,87],"relics":["Burning Blood","Torii","Darkstone Periapt","Orichalcum","Golden Idol","Vajra","Black Star","Regal Pillow","Strawberry","Anchor","Sozu"],"card_choices":[{"not_picked":["Corruption","Pommel Strike"],"picked":"Warcry","floor":1},{"not_picked":["Searing Blow","Reckless Charge"],"picked":"Uppercut","floor":2},{"not_picked":["Thunderclap","Bloodletting"],"picked":"Infernal Blade","floor":4},{"not_picked":["Body Slam","Sword Boomerang"],"picked":"Warcry","floor":5},{"not_picked":["Body Slam","Intimidate"],"picked":"Shrug It Off","floor":7},{"not_picked":["Power Through","Whirlwind"],"picked":"Clash","floor":10},{"not_picked":["Spot Weakness","Evolve"],"picked":"Infernal Blade","floor":13},{"not_picked":["Shrug It Off","Shockwave"],"picked":"Flame Barrier","floor":14},{"not_picked":["Reaper","Dark Embrace"],"picked":"Demon Form","floor":16},{"not_picked":["Shockwave","True Grit"],"picked":"Headbutt","floor":18},{"not_picked":["Body Slam","Dual Wield"],"picked":"Bloodletting","floor":22},{"not_picked":["Disarm","Warcry"],"picked":"Intimidate","floor":24},{"not_picked":["Reckless Charge","Perfected Strike"],"picked":"Twin Strike","floor":25},{"not_picked":["Twin Strike","Corruption"],"picked":"Warcry","floor":35},{"not_picked":["Anger","Perfected Strike"],"picked":"Pommel Strike","floor":36},{"not_picked":["Thunderclap","Cleave"],"picked":"Infernal Blade","floor":37},{"not_picked":["Searing Blow","Perfected Strike"],"picked":"Warcry","floor":38},{"not_picked":["Immolate","Clothesline"],"picked":"Reckless Charge","floor":39}],"player_experience":53329,"potions_floor_usage":[10,24,33,33,37],"damage_taken":[{"damage":2,"enemies":"2 Louse","floor":1,"turns":3},{"damage":9,"enemies":"Cultist","floor":2,"turns":4},{"damage":0,"enemies":"Small Slimes","floor":4,"turns":3},{"damage":0,"enemies":"Exordium Wildlife","floor":5,"turns":3},{"damage":22,"enemies":"Gremlin Nob","floor":7,"turns":5},{"damage":17,"enemies":"Lagavulin","floor":10,"turns":8},{"damage":1,"enemies":"3 Sentries","floor":13,"turns":6},{"damage":1,"enemies":"Looter","floor":14,"turns":2},{"damage":9,"enemies":"Slime Boss","floor":16,"turns":8},{"damage":6,"enemies":"3 Byrds","floor":18,"turns":4},{"damage":23,"enemies":"2 Thieves","floor":19,"turns":4},{"damage":8,"enemies":"Snake Plant","floor":22,"turns":3},{"damage":25,"enemies":"Book of Stabbing","floor":24,"turns":7},{"damage":18,"enemies":"Snecko","floor":25,"turns":7},{"damage":47,"enemies":"Automaton","floor":33,"turns":7},{"damage":0,"enemies":"Orb Walker","floor":35,"turns":3},{"damage":11,"enemies":"3 Darklings","floor":36,"turns":6},{"damage":33,"enemies":"Sphere and 2 Shapes","floor":37,"turns":6},{"damage":21,"enemies":"Maw","floor":38,"turns":5},{"damage":19,"enemies":"3 Darklings","floor":39,"turns":5},{"damage":57,"enemies":"Giant Head","floor":40,"turns":6}],"event_choices":[{"event_name":"Bonfire Elementals","player_choice":"UNCOMMON","floor":11,"damage_taken":0},{"event_name":"Golden Idol","player_choice":"Take Damage","floor":12,"damage_taken":0},{"event_name":"Wheel of Change","player_choice":"Damage","floor":21,"damage_taken":0},{"event_name":"Drug Dealer","player_choice":"Ignored","floor":27,"damage_taken":0},{"event_name":"Ghosts","player_choice":"Ignored","floor":29,"damage_taken":0},{"event_name":"Match and Keep!","player_choice":"1 cards matched","floor":31,"damage_taken":0}],"boss_relics":[{"not_picked":["Black Blood","Ectoplasm"],"picked":"Black Star"},{"not_picked":["White Beast Statue","Runic Cube"],"picked":"Sozu"}],"potions_floor_spawned":[5,7,14,16,25,33,36,38],"seed_played":"6161945587170076998","killed_by":"Giant Head","ascension_level":0,"is_trial":false}