{"path_per_floor":["M","M","?","M","M","R","M","R","T","?","E","?","M","T","R","B",null,"M","?","M","?","M","R","$","M","T","?","M","R","?","E","R","B",null,"M","M","?","?","M","R","M","R","T","R","?","?","$","M","R"],"character_chosen":"THE_SILENT","items_purchased":["Noxious Fumes","Apotheosis","Footwork"],"gold_per_floor":[112,122,197,211,221,221,235,235,235,185,220,220,235,235,235,334,334,352,352,363,363,382,382,58,70,97,97,116,116,116,141,141,236,236,247,262,262,262,276,276,296,296,296,296,296,296,117,133,133],"floor_reached":50,"campfire_rested":2,"playtime":2313,"current_hp_per_floor":[77,74,63,60,58,58,58,58,72,72,61,49,44,44,71,61,91,84,84,65,65,84,84,84,91,91,91,91,91,91,75,91,49,91,91,91,91,91,84,84,86,86,86,86,86,75,75,91,91],"items_purged":["Writhe","Madness"],"gold":133,"score":463,"play_id":"97b34c53-a852-4598-9596-bce38f401706","is_prod":false,"is_daily":false,"is_ascension_mode":false,"campfire_upgraded":7,"path_taken":["M","M","?","M","M","R","M","R","T","?","E","?","?","?","R","BOSS","M","?","M","?","M","R","$","M","T","?","M","R","?","E","R","BOSS","M","M","?","?","M","R","M","R","T","R","?","?","$","M","R","BOSS"],"build_version":"2018-02-15-PROD1","purchased_purges":2,"victory":false,"master_deck":["Defend_G","Defend_G","Defend_G","Defend_G","Defend_G","Dodge and Roll","Deadly Poison+1","Escape Plan+1","Backflip","Deadly Poison+1","Outmaneuver+1","Bite","Bite","Bite","Bite","Bite","Venomology+1","Deadly Poison+1","Noxious Fumes+1","Apotheosis+1","Corpse Explosion","Footwork+1","Outmaneuver+1","Madness","Footwork+1","Backflip+1"],"max_hp_per_floor":[77,77,77,77,77,77,77,77,91,91,91,91,91,91,91,91,91,91,91,91,91,91,91,91,91,91,91,91,91,91,91,91,91,91,91,91,91,91,91,91,91,91,91,91,91,91,91,91,91],"relics":["Ring of the Snake","Strawberry","Mango","Omamori","Ice Cream","Calling Bell","Ornamental Fan","Juzu Bracelet","Blue Candle","Thread and Needle","War Paint","Tingsha","Question Card","Peace Pipe"],"card_choices":[{"not_picked":["Dagger Throw","Predator"],"picked":"Dodge and Roll"},{"not_picked":["Dodge and Roll","Distraction"],"picked":"Deadly Poison"},{"not_picked":["Expertise","Quick Slash"],"picked":"Escape Plan"},{"not_picked":["Dagger Throw","Cloak And Dagger"],"picked":"Backflip"},{"not_picked":["Tactician","Cloak And Dagger"],"picked":"Deadly Poison"},{"not_picked":["Prepared","Underhanded Strike"],"picked":"Outmaneuver"},{"not_picked":["Outmaneuver","Deflect"],"picked":"Venomology"},{"not_picked":["Sucker Punch","Backflip"],"picked":"Deadly Poison"},{"not_picked":["Doppelganger","Bullet Time"],"picked":"Corpse Explosion"},{"not_picked":["Flechettes","Dagger Throw","Deadly Poison"],"picked":"Footwork"},{"not_picked":["Underhanded Strike","Dagger Throw","Deflect"],"picked":"Outmaneuver"},{"not_picked":["Malaise","Leg Sweep","PiercingWail"],"picked":"Backflip"}],"player_experience":208073,"potions_floor_usage":[11,18,25,28,31,31,33,33,33,33,39,41,48,50,50,50,50],"damage_taken":[{"damage":0,"enemies":"Small Slimes","floor":1,"turns":3},{"damage":3,"enemies":"Jaw Worm","floor":2,"turns":6},{"damage":3,"enemies":"2 Louse","floor":4,"turns":3},{"damage":2,"enemies":"Looter","floor":5,"turns":4},{"damage":0,"enemies":"2 Fungi Beasts","floor":7,"turns":5},{"damage":11,"enemies":"3 Sentries","floor":11,"turns":14},{"damage":7,"enemies":"Exordium Wildlife","floor":13,"turns":7},{"damage":12,"enemies":"The Guardian","floor":16,"turns":11},{"damage":7,"enemies":"Chosen","floor":18,"turns":6},{"damage":37,"enemies":"Spheric Guardian","floor":20,"turns":8},{"damage":7,"enemies":"Centurion and Healer","floor":22,"turns":11},{"damage":1,"enemies":"Snecko","floor":25,"turns":6},{"damage":0,"enemies":"Snake Plant","floor":28,"turns":6},{"damage":37,"enemies":"Gremlin Leader","floor":31,"turns":7},{"damage":54,"enemies":"Collector","floor":33,"turns":9},{"damage":0,"enemies":"3 Shapes","floor":35,"turns":6},{"damage":0,"enemies":"Orb Walker","floor":36,"turns":5},{"damage":10,"enemies":"4 Shapes","floor":39,"turns":9},{"damage":19,"enemies":"Sphere and 2 Shapes","floor":41,"turns":6},{"damage":12,"enemies":"Maw","floor":48,"turns":9},{"damage":134,"enemies":"Donu and Deca","floor":50,"turns":10}],"event_choices":[{"event_name":"World of Goop","player_choice":"Gather Gold","floor":3,"damage_taken":0},{"event_name":"The Cleric","player_choice":"Card Removal","floor":10,"damage_taken":0},{"event_name":"Scrap Ooze","player_choice":"success","floor":12,"damage_taken":12},{"event_name":"Vampires","player_choice":"Became a vampire (Vial)","floor":19,"damage_taken":0},{"event_name":"The Mausoleum","player_choice":"Yes","floor":21,"damage_taken":0},{"event_name":"Fountain of Cleansing","player_choice":"Removed Curse","floor":27,"damage_taken":0},{"event_name":"Drug Dealer","player_choice":"Ignored","floor":30,"damage_taken":0},{"event_name":"Mysterious Sphere","player_choice":"Ignore","floor":38,"damage_taken":0},{"event_name":"Tomb of Lord Red Mask","player_choice":"Ignored","floor":45,"damage_taken":0},{"event_name":"Winding Halls","player_choice":"Embrace Madness","floor":46,"damage_taken":0}],"boss_relics":[{"not_picked":["Velvet Choker","Runic Dome"],"picked":"Calling Bell"},{"not_picked":["Orrery","Pandora\u0027s Box"],"picked":"Question Card"}],"potions_floor_spawned":[5,7,13,20,25,31,35,36,48],"seed_played":"5439414168004360538","killed_by":"Donu and Deca","ascension_level":0,"is_trial":false}