{"path_per_floor":["M","?","$","M","?","M","M","M","T","R","M","R","M","M","R","B",null,"M","$","?","T","?","R","M","M","T","M","M","R","E","M","R","B",null,"M","?","$","?","M","R","E","M","T","R","M","M","M","M","R","B"],"character_chosen":"THE_SILENT","items_purchased":["Infinite Blades","Cloak And Dagger","Adrenaline","Footwork","Footwork","Apotheosis"],"gold_per_floor":[119,119,40,54,54,72,86,100,100,100,114,114,125,139,139,242,242,255,19,19,19,19,19,36,46,71,89,107,107,139,151,151,249,279,289,289,6,0,20,20,48,66,138,138,153,169,183,201,201,201],"floor_reached":51,"campfire_rested":3,"playtime":4068,"current_hp_per_floor":[66,66,66,64,64,64,58,54,54,54,54,54,54,50,50,40,70,57,57,41,41,64,64,59,50,50,36,37,37,22,23,46,22,83,82,71,71,71,49,49,27,12,12,38,35,34,34,36,64,26],"items_purged":[],"gold":201,"score":522,"play_id":"5d6f8a2f-6c68-4d3b-9486-903d2b2c9531","is_prod":false,"is_daily":false,"is_ascension_mode":false,"campfire_upgraded":6,"path_taken":["M","?","$","M","?","M","M","?","T","R","?","R","M","M","R","BOSS","M","$","?","?","?","R","M","M","T","?","M","R","E","M","R","BOSS","M","?","$","?","M","R","E","M","T","R","M","M","?","M","R","BOSS"],"build_version":"2018-02-08-PROD1","purchased_purges":0,"victory":true,"master_deck":["Defend_G","Defend_G","Defend_G","Defend_G","Defend_G","Strike_G+1","Strike_G+1","Survivor","Neutralize+1","Accuracy+1","Infinite Blades+1","Cloak And Dagger+1","Prepared","Backflip","Cloak And Dagger","Heel Hook","Caltrops","Distraction+1","Accuracy+1","Backflip+1","Prepared","Adrenaline+1","Footwork+1","Infinite Blades","Escape Plan","Storm of Steel","Escape Plan","Madness","Madness","Footwork","Apotheosis+1","Blade Dance","Blur+1"],"max_hp_per_floor":[70,70,70,70,70,70,70,70,70,70,70,70,70,70,70,70,70,70,70,70,70,70,70,72,72,72,74,76,76,76,78,78,78,83,85,85,85,85,87,87,87,89,89,89,91,91,93,95,95,95],"relics":["Ring of the Snake","Whetstone","Astrolabe","Enchiridion","Singing Bowl","Bronze Scales","Anchor","Tiny House","Red Mask","Shovel","Letter Opener"],"card_choices":[{"not_picked":["All Out Attack","Dodge and Roll"],"picked":"Accuracy"},{"not_picked":["PiercingWail","Flechettes"],"picked":"Prepared"},{"not_picked":["Riddle With Holes","Crippling Poison"],"picked":"Backflip"},{"not_picked":["Dagger Throw","Reflex"],"picked":"Cloak And Dagger"},{"not_picked":["Bouncing Flask","Outmaneuver"],"picked":"Heel Hook"},{"not_picked":["Flechettes","Deflect"],"picked":"Caltrops"},{"not_picked":["Dagger Throw","Dash"],"picked":"Prepared"},{"not_picked":["Blur","Quick Slash"],"picked":"Infinite Blades"},{"not_picked":["Malaise","Quick Slash"],"picked":"Escape Plan"},{"not_picked":["Night Terror","A Thousand Cuts"],"picked":"Storm of Steel"},{"not_picked":["Distraction","Deflect"],"picked":"Escape Plan"},{"not_picked":["Distraction","Masterful Stab"],"picked":"Blade Dance"},{"not_picked":["Riddle With Holes","Slice"],"picked":"Blur"}],"player_experience":159704,"potions_floor_usage":[11,16,16,25,30,33,39,41,50,50,50],"damage_taken":[{"damage":4,"enemies":"Cultist","floor":1,"turns":5},{"damage":2,"enemies":"2 Louse","floor":4,"turns":4},{"damage":0,"enemies":"Blue Slaver","floor":6,"turns":5},{"damage":6,"enemies":"3 Louse","floor":7,"turns":4},{"damage":4,"enemies":"Gremlin Gang","floor":8,"turns":6},{"damage":0,"enemies":"Lots of Slimes","floor":11,"turns":2},{"damage":0,"enemies":"2 Fungi Beasts","floor":13,"turns":3},{"damage":4,"enemies":"3 Louse","floor":14,"turns":4},{"damage":10,"enemies":"Slime Boss","floor":16,"turns":9},{"damage":13,"enemies":"2 Thieves","floor":18,"turns":4},{"damage":7,"enemies":"3 Byrds","floor":24,"turns":4},{"damage":9,"enemies":"Slaver and Parasite","floor":25,"turns":6},{"damage":16,"enemies":"Chosen and Byrds","floor":27,"turns":3},{"damage":1,"enemies":"3 Cultists","floor":28,"turns":3},{"damage":15,"enemies":"Slavers","floor":30,"turns":4},{"damage":1,"enemies":"Snake Plant","floor":31,"turns":4},{"damage":24,"enemies":"Automaton","floor":33,"turns":7},{"damage":3,"enemies":"3 Shapes","floor":35,"turns":5},{"damage":24,"enemies":"Orb Walker","floor":39,"turns":3},{"damage":22,"enemies":"Nemesis","floor":41,"turns":7},{"damage":17,"enemies":"3 Darklings","floor":42,"turns":5},{"damage":5,"enemies":"4 Shapes","floor":45,"turns":6},{"damage":1,"enemies":"Sphere and 2 Shapes","floor":46,"turns":4},{"damage":2,"enemies":"3 Darklings","floor":47,"turns":4},{"damage":0,"enemies":"4 Shapes","floor":48,"turns":4},{"damage":38,"enemies":"Donu and Deca","floor":50,"turns":9}],"event_choices":[{"event_name":"The Cleric","player_choice":"Leave","floor":2,"damage_taken":0},{"event_name":"The Lab","player_choice":"Got Potions","floor":5,"damage_taken":0},{"event_name":"Cursed Tome","player_choice":"Obtained Book","floor":20,"damage_taken":0},{"event_name":"The Library","player_choice":"Heal","floor":22,"damage_taken":0},{"event_name":"Winding Halls","player_choice":"Embrace Madness","floor":36,"damage_taken":0},{"event_name":"Tomb of Lord Red Mask","player_choice":"Paid","floor":38,"damage_taken":0}],"boss_relics":[{"not_picked":["Lizard Tail","Sozu"],"picked":"Astrolabe"},{"not_picked":["Velvet Choker","Snecko Eye"],"picked":"Tiny House"}],"potions_floor_spawned":[1,4,6,7,13,16,25,28,31,35,42,46,48],"seed_played":"292226748946340787","ascension_level":0,"is_trial":false}